{"bids": [[9667.37, 0.09710451], [9667.36, 0.06481834], [9666.67, 0.5], [9665.2, 0.54], [9664.28, 0.5], [9663.69, 0.567], [9662.69, 0.637], [9661.37, 1.45], [9661.34, 0.5], [9660.98, 0.01]], "asks": [[9673.17, 0.13261433], [9673.18, 0.9801], [9673.65, 0.09226396], [9673.66, 3.36], [9673.68, 1.5], [9675.6, 0.5], [9676.4, 0.6515], [9676.53, 3.75], [9677.6, 0.5], [9679.01, 0.30952273]], "ts": 1591396858820}
{"bids": [[9667.37, 0.09710451], [9667.36, 0.06481834], [9666.67, 0.5], [9665.2, 0.54], [9664.28, 0.5], [9663.69, 0.567], [9662.69, 0.637], [9661.37, 1.45], [9661.34, 0.5], [9660.98, 0.01]], "asks": [[9673.17, 0.13261433], [9673.18, 0.9801], [9673.65, 0.09226396], [9673.66, 3.36], [9673.68, 1.5], [9675.6, 0.5], [9676.4, 0.6515], [9676.53, 3.75], [9677.6, 0.5], [9679.01, 0.30952273]], "ts": 1591396858823}
{"bids": [[9667.37, 0.09710451], [9667.36, 0.06481834], [9666.67, 0.5], [9665.2, 0.54], [9664.28, 0.5], [9663.69, 0.567], [9662.69, 0.637], [9661.37, 1.45], [9661.34, 0.5], [9660.98, 0.01]], "asks": [[9673.17, 0.12158606], [9673.18, 0.9801], [9673.65, 0.09226396], [9673.66, 3.36], [9673.68, 1.5], [9675.6, 0.5], [9676.4, 0.6515], [9676.53, 3.75], [9677.6, 0.5], [9679.01, 0.30952273]], "ts": 1591396858825}
{"bids": [[9667.37, 0.09710451], [9667.36, 0.06481834], [9666.67, 0.5], [9665.2, 0.54], [9664.28, 0.5], [9663.69, 0.567], [9662.69, 0.637], [9661.37, 1.45], [9661.34, 0.5], [9660.98, 0.01]], "asks": [[9673.17, 0.13114482], [9673.18, 0.9801], [9673.65, 0.09226396], [9673.66, 3.36], [9673.68, 1.5], [9675.6, 0.5], [9676.4, 0.6515], [9676.53, 3.75], [9677.6, 0.5], [9679.01, 0.30952273]], "ts": 1591396858826}
{"bids": [[9667.37, 0.09710451], [9667.36, 0.06481834], [9666.67, 0.5], [9665.2, 0.54], [9664.28, 0.5], [9663.69, 0.567], [9662.69, 0.637], [9661.37, 1.45], [9661.34, 0.5], [9660.98, 0.01]], "asks": [[9673.17, 0.13114482], [9673.18, 0.9801], [9673.65, 0.09226396], [9673.66, 3.36], [9673.68, 1.5], [9675.6, 0.5], [9676.4, 0.6515], [9676.53, 3.75], [9677.6, 0.5], [9679.01, 0.30952273]], "ts": 1591396858827}
{"bids": [[9667.37, 0.09710451], [9667.36, 0.06481834], [9666.67, 0.5], [9665.2, 0.54], [9664.28, 0.5], [9663.69, 0.567], [9662.69, 0.637], [9661.37, 1.45], [9661.34, 0.5], [9660.98, 0.01]], "asks": [[9673.17, 0.13114482], [9673.18, 0.9801], [9673.65, 0.09226396], [9673.66, 3.36], [9673.68, 1.5], [9675.6, 0.5], [9676.4, 0.6515], [9676.53, 3.75], [9677.6, 0.5], [9679.01, 0.30952273]], "ts": 1591396858828}
{"bids": [[9667.37, 0.09710451], [9667.36, 0.06481834], [9665.2, 0.54], [9664.28, 0.5], [9663.69, 0.567], [9662.69, 0.637], [9661.37, 1.45], [9661.34, 0.5], [9660.98, 0.01]], "asks": [[9673.17, 0.13114482], [9673.18, 0.9801], [9673.65, 0.09226396], [9673.66, 3.36], [9673.68, 1.5], [9675.6, 0.5], [9676.4, 0.6515], [9676.53, 3.75], [9677.6, 0.5], [9679.01, 0.30952273]], "ts": 1591396858829}
{"bids": [[9667.37, 0.04869798], [9667.36, 0.06481834], [9665.2, 0.54], [9664.28, 0.5], [9663.69, 0.567], [9662.69, 0.637], [9661.37, 1.45], [9661.34, 0.5], [9660.98, 0.01]], "asks": [[9673.17, 0.13114482], [9673.18, 0.9801], [9673.65, 0.09226396], [9673.66, 3.36], [9673.68, 1.5], [9675.6, 0.5], [9676.4, 0.6515], [9676.53, 3.75], [9677.6, 0.5], [9679.01, 0.30952273]], "ts": 1591396858830}
{"bids": [[9667.37, 0.04869798], [9667.36, 0.06481834], [9665.21, 0.04502174], [9665.2, 0.54], [9664.28, 0.5], [9663.69, 0.567], [9662.69, 0.637], [9661.37, 1.45], [9661.34, 0.5], [9660.98, 0.01]], "asks": [[9673.17, 0.13114482], [9673.18, 0.9801], [9673.65, 0.09226396], [9673.66, 3.36], [9673.68, 1.5], [9675.6, 0.5], [9676.4, 0.6515], [9676.53, 3.75], [9677.6, 0.5], [9679.01, 0.30952273]], "ts": 1591396858831}
{"bids": [[9667.37, 0.00029145], [9667.36, 0.06481834], [9665.21, 0.04502174], [9665.2, 0.54], [9664.28, 0.5], [9663.69, 0.567], [9662.69, 0.637], [9661.37, 1.45], [9661.34, 0.5], [9660.98, 0.01]], "asks": [[9673.17, 0.13114482], [9673.18, 0.9801], [9673.65, 0.09226396], [9673.66, 3.36], [9673.68, 1.5], [9675.6, 0.5], [9676.4, 0.6515], [9676.53, 3.75], [9677.6, 0.5], [9679.01, 0.30952273]], "ts": 1591396858831}
{"bids": [[9667.37, 0.00029145], [9667.36, 0.06481834], [9665.21, 0.090395], [9665.2, 0.54], [9664.28, 0.5], [9663.69, 0.567], [9662.69, 0.637], [9661.37, 1.45], [9661.34, 0.5], [9660.98, 0.01]], "asks": [[9673.17, 0.13114482], [9673.18, 0.9801], [9673.65, 0.09226396], [9673.66, 3.36], [9673.68, 1.5], [9675.6, 0.5], [9676.4, 0.6515], [9676.53, 3.75], [9677.6, 0.5], [9679.01, 0.30952273]], "ts": 1591396858832}
{"bids": [[9667.37, 0.00029145], [9665.21, 0.090395], [9665.2, 0.54], [9664.28, 0.5], [9663.69, 0.567], [9662.69, 0.637], [9661.37, 1.45], [9661.34, 0.5], [9660.98, 0.01]], "asks": [[9673.17, 0.13114482], [9673.18, 0.9801], [9673.65, 0.09226396], [9673.66, 3.36], [9673.68, 1.5], [9675.6, 0.5], [9676.4, 0.6515], [9676.53, 3.75], [9677.6, 0.5], [9679.01, 0.30952273]], "ts": 1591396858833}
{"bids": [[9667.37, 0.00029145], [9665.21, 0.13541674], [9665.2, 0.54], [9664.28, 0.5], [9663.69, 0.567], [9662.69, 0.637], [9661.37, 1.45], [9661.34, 0.5], [9660.98, 0.01]], "asks": [[9673.17, 0.13114482], [9673.18, 0.9801], [9673.65, 0.09226396], [9673.66, 3.36], [9673.68, 1.5], [9675.6, 0.5], [9676.4, 0.6515], [9676.53, 3.75], [9677.6, 0.5], [9679.01, 0.30952273]], "ts": 1591396858833}
{"bids": [[9667.37, 0.00029145], [9665.21, 0.090395], [9665.2, 0.54], [9664.28, 0.5], [9663.69, 0.567], [9662.69, 0.637], [9661.37, 1.45], [9661.34, 0.5], [9660.98, 0.01]], "asks": [[9673.17, 0.13114482], [9673.18, 0.9801], [9673.65, 0.09226396], [9673.66, 3.36], [9673.68, 1.5], [9675.6, 0.5], [9676.4, 0.6515], [9676.53, 3.75], [9677.6, 0.5], [9679.01, 0.30952273]], "ts": 1591396858834}
{"bids": [[9667.37, 0.00029145], [9665.22, 0.04502174], [9665.21, 0.090395], [9665.2, 0.54], [9664.28, 0.5], [9663.69, 0.567], [9662.69, 0.637], [9661.37, 1.45], [9661.34, 0.5], [9660.98, 0.01]], "asks": [[9673.17, 0.13114482], [9673.18, 0.9801], [9673.65, 0.09226396], [9673.66, 3.36], [9673.68, 1.5], [9675.6, 0.5], [9676.4, 0.6515], [9676.53, 3.75], [9677.6, 0.5], [9679.01, 0.30952273]], "ts": 1591396858834}
{"bids": [[9667.37, 0.0001526], [9665.22, 0.04502174], [9665.21, 0.090395], [9665.2, 0.54], [9664.28, 0.5], [9663.69, 0.567], [9662.69, 0.637], [9661.37, 1.45], [9661.34, 0.5], [9660.98, 0.01]], "asks": [[9673.17, 0.13114482], [9673.18, 0.9801], [9673.65, 0.09226396], [9673.66, 3.36], [9673.68, 1.5], [9675.6, 0.5], [9676.4, 0.6515], [9676.53, 3.75], [9677.6, 0.5], [9679.01, 0.30952273]], "ts": 1591396858835}
{"bids": [[9665.22, 0.04502174], [9665.21, 0.090395], [9665.2, 0.54], [9664.28, 0.5], [9663.69, 0.567], [9662.69, 0.637], [9661.37, 1.45], [9661.34, 0.5], [9660.98, 0.01]], "asks": [[9673.17, 0.13114482], [9673.18, 0.9801], [9673.65, 0.09226396], [9673.66, 3.36], [9673.68, 1.5], [9675.6, 0.5], [9676.4, 0.6515], [9676.53, 3.75], [9677.6, 0.5], [9679.01, 0.30952273]], "ts": 1591396858835}
{"bids": [[9665.22, 0.04516059], [9665.21, 0.090395], [9665.2, 0.54], [9664.28, 0.5], [9663.69, 0.567], [9662.69, 0.637], [9661.37, 1.45], [9661.34, 0.5], [9660.98, 0.01]], "asks": [[9673.17, 0.13114482], [9673.18, 0.9801], [9673.65, 0.09226396], [9673.66, 3.36], [9673.68, 1.5], [9675.6, 0.5], [9676.4, 0.6515], [9676.53, 3.75], [9677.6, 0.5], [9679.01, 0.30952273]], "ts": 1591396858836}
{"bids": [[9665.22, 0.04531319], [9665.21, 0.090395], [9665.2, 0.54], [9664.28, 0.5], [9663.69, 0.567], [9662.69, 0.637], [9661.37, 1.45], [9661.34, 0.5], [9660.98, 0.01]], "asks": [[9673.17, 0.13114482], [9673.18, 0.9801], [9673.65, 0.09226396], [9673.66, 3.36], [9673.68, 1.5], [9675.6, 0.5], [9676.4, 0.6515], [9676.53, 3.75], [9677.6, 0.5], [9679.01, 0.30952273]], "ts": 1591396858837}
{"bids": [[9665.22, 0.04531319], [9665.21, 0.090395], [9665.2, 0.54], [9664.28, 0.5], [9663.69, 0.567], [9662.69, 0.637], [9661.37, 1.45], [9661.34, 0.5], [9660.98, 0.01]], "asks": [[9673.17, 0.13114482], [9673.18, 0.9801], [9673.65, 0.09226396], [9673.66, 3.36], [9673.68, 1.5], [9675.6, 0.5], [9676.4, 0.6515], [9676.53, 3.75], [9677.6, 0.5], [9679.01, 0.30952273]], "ts": 1591396858837}
{"bids": [[9665.22, 0.04531319], [9665.21, 0.090395], [9665.2, 0.54], [9664.28, 0.5], [9663.69, 0.567], [9662.69, 0.637], [9661.37, 1.45], [9661.34, 0.5], [9660.98, 0.01]], "asks": [[9673.17, 0.13114482], [9673.18, 0.9801], [9673.65, 0.09226396], [9673.66, 3.36], [9673.68, 1.5], [9675.6, 0.5], [9676.4, 0.6515], [9676.53, 3.75], [9677.6, 0.5], [9679.01, 0.30952273]], "ts": 1591396858838}
{"bids": [[9665.22, 0.04531319], [9665.21, 0.090395], [9665.2, 0.54], [9664.28, 0.5], [9663.69, 0.567], [9662.69, 0.637], [9661.37, 1.45], [9661.34, 0.5], [9660.98, 0.01], [9648.47, 0.742]], "asks": [[9673.17, 0.13114482], [9673.18, 0.9801], [9673.65, 0.09226396], [9673.66, 3.36], [9673.68, 1.5], [9675.6, 0.5], [9676.4, 0.6515], [9676.53, 3.75], [9677.6, 0.5], [9679.01, 0.30952273]], "ts": 1591396858838}
{"bids": [[9665.22, 0.04531319], [9665.21, 0.090395], [9665.2, 0.54], [9664.28, 0.5], [9663.69, 0.567], [9662.69, 0.637], [9661.37, 1.45], [9661.34, 0.5], [9660.98, 0.01], [9648.47, 0.742]], "asks": [[9673.17, 0.13114482], [9673.18, 0.9801], [9673.65, 0.09226396], [9673.66, 3.36], [9673.68, 1.5], [9675.6, 0.5], [9676.4, 0.6515], [9676.53, 3.75], [9677.6, 0.5], [9679.01, 0.30952273]], "ts": 1591396858839}
{"bids": [[9665.23, 1.45], [9665.22, 0.04531319], [9665.21, 0.090395], [9665.2, 0.54], [9664.28, 0.5], [9663.69, 0.567], [9662.69, 0.637], [9661.37, 1.45], [9661.34, 0.5], [9660.98, 0.01]], "asks": [[9673.17, 0.13114482], [9673.18, 0.9801], [9673.65, 0.09226396], [9673.66, 3.36], [9673.68, 1.5], [9675.6, 0.5], [9676.4, 0.6515], [9676.53, 3.75], [9677.6, 0.5], [9679.01, 0.30952273]], "ts": 1591396858840}
{"bids": [[9665.23, 1.45], [9665.22, 0.04531319], [9665.21, 0.090395], [9665.2, 0.54], [9664.28, 0.5], [9663.69, 0.567], [9662.69, 0.637], [9661.37, 1.45], [9661.34, 0.5], [9660.98, 0.01]], "asks": [[9673.17, 0.13114482], [9673.18, 0.9801], [9673.65, 0.04537326], [9673.66, 3.36], [9673.68, 1.5], [9675.6, 0.5], [9676.4, 0.6515], [9676.53, 3.75], [9677.6, 0.5], [9679.01, 0.30952273]], "ts": 1591396858841}
{"bids": [[9665.23, 1.45], [9665.22, 0.04531319], [9665.21, 0.090395], [9665.2, 0.54], [9664.28, 0.5], [9663.69, 0.567], [9662.69, 0.637], [9661.37, 1.45], [9661.34, 0.5], [9660.98, 0.01]], "asks": [[9673.17, 0.13114482], [9673.18, 0.9801], [9673.65, 0.04537326], [9673.66, 3.36], [9673.68, 1.5], [9675.59, 0.04339723], [9675.6, 0.5], [9676.4, 0.6515], [9676.53, 3.75], [9677.6, 0.5]], "ts": 1591396858841}
{"bids": [[9665.23, 1.45], [9665.22, 0.04531319], [9665.21, 0.090395], [9665.2, 0.54], [9664.28, 0.5], [9663.69, 0.567], [9662.69, 0.637], [9661.37, 1.45], [9661.34, 0.5], [9660.98, 0.01]], "asks": [[9673.17, 0.13114482], [9673.18, 0.9801], [9673.66, 3.36], [9673.68, 1.5], [9675.59, 0.04339723], [9675.6, 0.5], [9676.4, 0.6515], [9676.53, 3.75], [9677.6, 0.5]], "ts": 1591396858842}
{"bids": [[9665.23, 1.45], [9665.22, 0.04531319], [9665.21, 0.090395], [9665.2, 0.54], [9664.28, 0.5], [9663.69, 0.567], [9662.69, 0.637], [9661.37, 1.45], [9661.34, 0.5], [9660.98, 0.01]], "asks": [[9673.17, 0.13114482], [9673.18, 0.9801], [9673.66, 3.36], [9673.68, 1.5], [9675.59, 0.08708408], [9675.6, 0.5], [9676.4, 0.6515], [9676.53, 3.75], [9677.6, 0.5]], "ts": 1591396858843}
{"bids": [[9665.23, 1.45], [9665.22, 0.04517434], [9665.21, 0.090395], [9665.2, 0.54], [9664.28, 0.5], [9663.69, 0.567], [9662.69, 0.637], [9661.37, 1.45], [9661.34, 0.5], [9660.98, 0.01]], "asks": [[9673.17, 0.13114482], [9673.18, 0.9801], [9673.66, 3.36], [9673.68, 1.5], [9675.59, 0.08708408], [9675.6, 0.5], [9676.4, 0.6515], [9676.53, 3.75], [9677.6, 0.5]], "ts": 1591396858843}
{"bids": [[9665.23, 1.45], [9665.22, 0.04502174], [9665.21, 0.090395], [9665.2, 0.54], [9664.28, 0.5], [9663.69, 0.567], [9662.69, 0.637], [9661.37, 1.45], [9661.34, 0.5], [9660.98, 0.01]], "asks": [[9673.17, 0.13114482], [9673.18, 0.9801], [9673.66, 3.36], [9673.68, 1.5], [9675.59, 0.08708408], [9675.6, 0.5], [9676.4, 0.6515], [9676.53, 3.75], [9677.6, 0.5]], "ts": 1591396858844}
{"bids": [[9665.23, 1.45013885], [9665.22, 0.04502174], [9665.21, 0.090395], [9665.2, 0.54], [9664.28, 0.5], [9663.69, 0.567], [9662.69, 0.637], [9661.37, 1.45], [9661.34, 0.5], [9660.98, 0.01]], "asks": [[9673.17, 0.13114482], [9673.18, 0.9801], [9673.66, 3.36], [9673.68, 1.5], [9675.59, 0.08708408], [9675.6, 0.5], [9676.4, 0.6515], [9676.53, 3.75], [9677.6, 0.5]], "ts": 1591396858845}
{"bids": [[9665.23, 1.45029145], [9665.22, 0.04502174], [9665.21, 0.090395], [9665.2, 0.54], [9664.28, 0.5], [9663.69, 0.567], [9662.69, 0.637], [9661.37, 1.45], [9661.34, 0.5], [9660.98, 0.01]], "asks": [[9673.17, 0.13114482], [9673.18, 0.9801], [9673.66, 3.36], [9673.68, 1.5], [9675.59, 0.08708408], [9675.6, 0.5], [9676.4, 0.6515], [9676.53, 3.75], [9677.6, 0.5]], "ts": 1591396858846}
{"bids": [[9665.23, 1.45029145], [9665.22, 0.04502174], [9665.21, 0.090395], [9665.2, 0.54], [9663.69, 0.567], [9662.69, 0.637], [9661.37, 1.45], [9661.34, 0.5], [9660.98, 0.01]], "asks": [[9673.17, 0.13114482], [9673.18, 0.9801], [9673.66, 3.36], [9673.68, 1.5], [9675.59, 0.08708408], [9675.6, 0.5], [9676.4, 0.6515], [9676.53, 3.75], [9677.6, 0.5]], "ts": 1591396858846}
{"bids": [[9665.23, 1.45029145], [9665.22, 0.04502174], [9665.21, 0.090395], [9665.2, 0.54], [9663.69, 0.567], [9662.69, 0.637], [9661.37, 1.45], [9661.34, 0.5], [9660.98, 0.01]], "asks": [[9673.17, 0.13114482], [9673.18, 0.90108214], [9673.66, 3.36], [9673.68, 1.5], [9675.59, 0.08708408], [9675.6, 0.5], [9676.4, 0.6515], [9676.53, 3.75], [9677.6, 0.5]], "ts": 1591396859160}
{"bids": [[9665.23, 1.45029145], [9665.22, 0.04502174], [9665.21, 0.090395], [9665.2, 0.54], [9663.69, 0.567], [9662.69, 0.637], [9661.37, 1.45], [9661.34, 0.5], [9660.98, 0.01], [9652.56, 1.13134878]], "asks": [[9673.17, 0.13114482], [9673.18, 0.90108214], [9673.66, 3.36], [9673.68, 1.5], [9675.59, 0.08708408], [9675.6, 0.5], [9676.4, 0.6515], [9676.53, 3.75], [9677.6, 0.5]], "ts": 1591396859359}
{"bids": [[9665.23, 1.45029145], [9665.22, 0.04502174], [9665.21, 0.090395], [9665.2, 0.54], [9663.69, 0.567], [9662.69, 0.637], [9661.37, 1.45], [9661.34, 0.5], [9660.98, 0.01], [9652.56, 1.13134878]], "asks": [[9673.17, 0.13114482], [9673.18, 0.90108214], [9673.66, 3.36], [9673.68, 1.5], [9675.59, 0.08708408], [9675.6, 0.5], [9676.4, 0.6515], [9676.53, 3.75], [9677.6, 0.5]], "ts": 1591396859398}
{"bids": [[9665.23, 1.45029145], [9665.22, 0.04502174], [9665.21, 0.090395], [9665.2, 0.54], [9663.69, 0.567], [9662.69, 0.637], [9661.37, 1.45], [9661.34, 0.5], [9660.98, 0.01], [9652.56, 1.13134878]], "asks": [[9673.17, 0.13114482], [9673.18, 0.90108214], [9673.66, 3.36], [9673.68, 1.5], [9675.59, 0.08708408], [9675.6, 0.5], [9676.4, 0.6515], [9676.53, 3.75], [9676.88, 0.66323151], [9677.6, 0.5]], "ts": 1591396859461}
{"bids": [[9665.23, 1.45029145], [9665.22, 0.04502174], [9665.21, 0.090395], [9665.2, 0.54], [9663.69, 0.567], [9662.69, 0.637], [9661.37, 1.45], [9661.34, 0.5], [9660.98, 0.01], [9652.56, 1.13134878]], "asks": [[9673.17, 0.13114482], [9673.18, 0.96810056], [9673.66, 3.36], [9673.68, 1.5], [9675.59, 0.08708408], [9675.6, 0.5], [9676.4, 0.6515], [9676.53, 3.75], [9676.88, 0.66323151], [9677.6, 0.5]], "ts": 1591396859470}
{"bids": [[9665.23, 1.45029145], [9665.22, 0.04502174], [9665.21, 0.090395], [9665.2, 0.54], [9663.69, 0.567], [9662.69, 0.637], [9661.37, 1.45], [9661.34, 0.5], [9660.98, 0.01], [9652.56, 1.13134878]], "asks": [[9673.17, 0.13114482], [9673.18, 0.96810056], [9673.66, 3.36], [9673.68, 1.5], [9675.59, 0.08708408], [9675.6, 0.5], [9676.4, 0.6515], [9676.53, 3.75], [9676.88, 0.66323151], [9677.6, 0.5]], "ts": 1591396859505}
{"bids": [[9665.23, 1.45029145], [9665.22, 0.04502174], [9665.21, 0.090395], [9665.2, 0.54], [9663.69, 0.567], [9662.69, 0.637], [9661.37, 1.45], [9661.34, 0.5], [9660.98, 0.01], [9652.56, 1.13134878]], "asks": [[9673.17, 0.13114482], [9673.18, 0.96810056], [9673.66, 3.36], [9673.68, 1.5], [9675.59, 0.08708408], [9675.6, 0.5], [9676.4, 0.6515], [9676.53, 3.75], [9676.88, 0.66323151], [9677.6, 0.5]], "ts": 1591396859733}
{"bids": [[9665.23, 1.45029145], [9665.22, 0.04502174], [9665.21, 0.090395], [9665.2, 0.54], [9663.69, 0.567], [9662.69, 0.637], [9661.37, 1.45], [9661.34, 0.5], [9660.98, 0.01], [9652.56, 1.13134878]], "asks": [[9673.17, 0.13114482], [9673.18, 0.97233282], [9673.66, 3.36], [9673.68, 1.5], [9675.59, 0.08708408], [9675.6, 0.5], [9676.4, 0.6515], [9676.53, 3.75], [9676.88, 0.66323151], [9677.6, 0.5]], "ts": 1591396859870}
{"bids": [[9665.23, 1.45029145], [9665.22, 0.04502174], [9665.21, 0.090395], [9665.2, 0.54], [9663.69, 0.567], [9662.69, 0.637], [9661.37, 1.45], [9661.34, 0.5], [9660.98, 0.01], [9652.56, 1.13134878]], "asks": [[9673.17, 0.13114482], [9673.18, 0.97233282], [9673.66, 3.36], [9673.68, 1.5], [9675.59, 0.08708408], [9675.6, 0.5], [9676.4, 0.6515], [9676.53, 3.75], [9676.88, 0.66323151], [9677.6, 0.5]], "ts": 1591396860020}
{"bids": [[9665.23, 1.45029145], [9665.22, 0.04502174], [9665.21, 0.090395], [9665.2, 0.54], [9662.69, 0.637], [9661.37, 1.45], [9661.34, 0.5], [9660.98, 0.01], [9652.56, 1.13134878]], "asks": [[9673.17, 0.13114482], [9673.18, 0.97233282], [9673.66, 3.36], [9673.68, 1.5], [9675.59, 0.08708408], [9675.6, 0.5], [9676.4, 0.6515], [9676.53, 3.75], [9676.88, 0.66323151], [9677.6, 0.5]], "ts": 1591396860152}
{"bids": [[9665.23, 1.45029145], [9665.22, 0.04502174], [9665.21, 0.090395], [9665.2, 0.54], [9662.69, 0.637], [9661.37, 1.45], [9661.34, 0.5], [9660.98, 0.01], [9657.89, 0.728], [9652.56, 1.13134878]], "asks": [[9673.17, 0.13114482], [9673.18, 0.97233282], [9673.66, 3.36], [9673.68, 1.5], [9675.59, 0.08708408], [9675.6, 0.5], [9676.4, 0.6515], [9676.53, 3.75], [9676.88, 0.66323151], [9677.6, 0.5]], "ts": 1591396860153}
{"bids": [[9665.23, 1.45029145], [9665.22, 0.04502174], [9665.21, 0.090395], [9665.2, 0.54], [9662.69, 0.637], [9661.37, 1.45], [9661.34, 0.5], [9660.98, 0.01], [9657.89, 0.728], [9652.56, 1.13134878]], "asks": [[9673.17, 0.13114482], [9673.18, 0.97233282], [9673.65, 0.04577884], [9673.66, 3.36], [9673.68, 1.5], [9675.59, 0.08708408], [9675.6, 0.5], [9676.4, 0.6515], [9676.53, 3.75], [9676.88, 0.66323151]], "ts": 1591396860154}
{"bids": [[9665.23, 1.45029145], [9665.22, 0.04502174], [9665.21, 0.090395], [9665.2, 0.54], [9662.69, 0.637], [9661.37, 1.45], [9661.34, 0.5], [9660.98, 0.01], [9657.89, 0.728], [9652.56, 1.13134878]], "asks": [[9673.17, 0.13114482], [9673.18, 0.97233282], [9673.65, 0.04577884], [9673.66, 3.36], [9673.68, 1.5], [9675.59, 0.04368685], [9675.6, 0.5], [9676.4, 0.6515], [9676.53, 3.75], [9676.88, 0.66323151]], "ts": 1591396860155}
{"bids": [[9665.23, 1.45029145], [9665.22, 0.04502174], [9665.21, 0.090395], [9665.2, 0.54], [9662.69, 0.637], [9661.37, 1.45], [9661.34, 0.5], [9660.98, 0.01], [9657.89, 0.728], [9652.56, 1.13134878]], "asks": [[9673.17, 0.13114482], [9673.18, 0.97233282], [9673.65, 0.09140081], [9673.66, 3.36], [9673.68, 1.5], [9675.59, 0.04368685], [9675.6, 0.5], [9676.4, 0.6515], [9676.53, 3.75], [9676.88, 0.66323151]], "ts": 1591396860159}
{"bids": [[9665.23, 1.45029145], [9665.22, 0.04502174], [9665.21, 0.090395], [9665.2, 0.54], [9662.69, 0.637], [9661.37, 1.45], [9661.34, 0.5], [9660.98, 0.01], [9657.89, 0.728], [9652.56, 1.13134878]], "asks": [[9673.17, 0.13114482], [9673.18, 0.97233282], [9673.65, 0.09140081], [9673.66, 3.36], [9673.68, 1.5], [9675.6, 0.5], [9676.4, 0.6515], [9676.53, 3.75], [9676.88, 0.66323151]], "ts": 1591396860159}
{"bids": [[9665.23, 1.45029145], [9665.22, 0.04502174], [9665.21, 0.090395], [9665.2, 0.54], [9662.69, 0.637], [9661.37, 1.45], [9661.34, 0.5], [9660.98, 0.01], [9657.89, 0.728], [9652.56, 1.13134878]], "asks": [[9673.17, 0.13114482], [9673.18, 1.01156499], [9673.65, 0.09140081], [9673.66, 3.36], [9673.68, 1.5], [9675.6, 0.5], [9676.4, 0.6515], [9676.53, 3.75], [9676.88, 0.66323151]], "ts": 1591396860262}
{"bids": [[9665.23, 1.45029145], [9665.22, 0.04502174], [9665.21, 0.090395], [9665.2, 0.54], [9662.69, 0.637], [9661.37, 1.45], [9661.34, 0.5], [9660.98, 0.01], [9657.89, 0.728], [9652.56, 1.13134878]], "asks": [[9673.17, 0.13114482], [9673.18, 1.01156499], [9673.65, 0.09140081], [9673.66, 3.36], [9673.68, 1.5], [9675.6, 0.5], [9676.4, 0.6515], [9676.53, 3.75], [9676.88, 0.66323151]], "ts": 1591396860325}
{"bids": [[9665.23, 1.45029145], [9665.22, 0.04502174], [9665.21, 0.090395], [9665.2, 0.54], [9662.69, 0.637], [9661.37, 1.45], [9661.34, 0.5], [9660.98, 0.01], [9657.89, 0.728], [9652.56, 1.13134878]], "asks": [[9673.17, 0.13114482], [9673.18, 1.01156499], [9673.65, 0.09140081], [9673.66, 3.36], [9673.68, 1.5], [9675.6, 0.5], [9676.4, 0.6515], [9676.53, 3.75], [9676.88, 0.66323151]], "ts": 1591396860728}
{"bids": [[9665.23, 1.45029145], [9665.22, 0.04502174], [9665.21, 0.090395], [9665.2, 0.54], [9662.69, 0.637], [9661.37, 1.45], [9661.34, 0.5], [9660.98, 0.01], [9657.89, 0.728], [9652.56, 1.13134878]], "asks": [[9671.67, 3.0], [9673.17, 0.13114482], [9673.18, 1.01156499], [9673.65, 0.09140081], [9673.66, 3.36], [9673.68, 1.5], [9675.6, 0.5], [9676.4, 0.6515], [9676.53, 3.75], [9676.88, 0.66323151]], "ts": 1591396860804}
{"bids": [[9665.23, 1.45029145], [9665.22, 0.04502174], [9665.21, 0.090395], [9665.2, 0.54], [9662.69, 0.637], [9661.37, 1.45], [9661.34, 0.5], [9660.98, 0.01], [9657.89, 0.728], [9652.56, 1.13134878]], "asks": [[9671.67, 3.0], [9673.17, 0.13114482], [9673.18, 0.1179799], [9673.65, 0.09140081], [9673.66, 3.36], [9673.68, 1.5], [9675.6, 0.5], [9676.4, 0.6515], [9676.53, 3.75], [9676.88, 0.66323151]], "ts": 1591396860870}
{"bids": [[9665.23, 1.45029145], [9665.22, 0.04502174], [9665.21, 0.090395], [9665.2, 0.54], [9662.69, 0.637], [9661.37, 1.45], [9661.34, 0.5], [9660.98, 0.01], [9657.89, 0.728], [9652.56, 1.13134878]], "asks": [[9671.17, 0.9871], [9671.67, 3.0], [9673.17, 0.13114482], [9673.18, 0.1179799], [9673.65, 0.09140081], [9673.66, 3.36], [9673.68, 1.5], [9675.6, 0.5], [9676.4, 0.6515], [9676.53, 3.75]], "ts": 1591396860890}
{"bids": [[9665.23, 1.45029145], [9665.22, 0.04502174], [9665.21, 0.090395], [9665.2, 0.54], [9662.69, 0.637], [9661.37, 1.45], [9661.34, 0.5], [9660.98, 0.01], [9657.89, 0.728], [9652.56, 1.13134878]], "asks": [[9671.17, 0.9871], [9671.67, 3.0], [9673.17, 0.13114482], [9673.18, 0.1179799], [9673.65, 0.09140081], [9673.66, 3.36], [9673.68, 1.5], [9675.6, 0.5], [9676.53, 3.75]], "ts": 1591396860930}
{"bids": [[9665.23, 1.45029145], [9665.22, 0.04502174], [9665.21, 0.090395], [9665.2, 0.54], [9662.69, 0.637], [9661.37, 1.45], [9661.34, 0.5], [9660.98, 0.01], [9657.89, 0.728], [9652.56, 1.13134878]], "asks": [[9671.17, 0.9871], [9671.67, 3.0], [9673.16, 0.5546], [9673.17, 0.13114482], [9673.18, 0.1179799], [9673.65, 0.09140081], [9673.66, 3.36], [9673.68, 1.5], [9675.6, 0.5], [9676.53, 3.75]], "ts": 1591396860951}
{"bids": [[9665.23, 1.45029145], [9665.22, 0.04502174], [9665.21, 0.090395], [9665.2, 0.54], [9662.69, 0.637], [9661.37, 1.45], [9661.34, 0.5], [9660.98, 0.01], [9657.89, 0.728], [9652.56, 1.13134878]], "asks": [[9671.17, 0.9871], [9671.67, 3.0], [9673.16, 0.5546], [9673.17, 0.13114482], [9673.18, 0.1179799], [9673.65, 0.09140081], [9673.66, 3.36], [9673.68, 1.5], [9675.6, 0.5], [9676.53, 3.75]], "ts": 1591396861023}
{"bids": [[9665.23, 1.45029145], [9665.22, 0.04502174], [9665.21, 0.090395], [9665.2, 0.54], [9662.69, 0.637], [9661.37, 1.45], [9661.34, 0.5], [9660.98, 0.01], [9657.89, 0.728], [9652.56, 1.13134878]], "asks": [[9671.17, 0.9871], [9671.67, 3.0], [9673.16, 0.5546], [9673.17, 0.13114482], [9673.18, 0.05096148], [9673.65, 0.09140081], [9673.66, 3.36], [9673.68, 1.5], [9675.6, 0.5], [9676.53, 3.75]], "ts": 1591396861273}
{"bids": [[9665.23, 1.45029145], [9665.22, 0.04502174], [9665.21, 0.090395], [9665.2, 0.54], [9662.69, 0.637], [9661.37, 1.45], [9661.34, 0.5], [9660.98, 0.01], [9657.89, 0.728], [9652.56, 1.13134878]], "asks": [[9671.17, 0.9871], [9671.67, 3.0], [9673.16, 0.5546], [9673.17, 0.13114482], [9673.18, 0.01172931], [9673.65, 0.09140081], [9673.66, 3.36], [9673.68, 1.5], [9675.6, 0.5], [9676.53, 3.75]], "ts": 1591396861275}
{"bids": [[9665.23, 1.45029145], [9665.22, 0.04502174], [9665.21, 0.090395], [9665.2, 0.54], [9662.69, 0.637], [9661.37, 1.45], [9661.34, 0.5], [9660.98, 0.01], [9657.89, 0.728], [9652.56, 1.13134878]], "asks": [[9671.17, 0.9871], [9671.67, 3.0], [9673.16, 0.5546], [9673.17, 0.13114482], [9673.18, 0.00423226], [9673.65, 0.09140081], [9673.66, 3.36], [9673.68, 1.5], [9675.6, 0.5], [9676.53, 3.75]], "ts": 1591396861282}
{"bids": [[9665.23, 1.45029145], [9665.22, 0.04502174], [9665.21, 0.090395], [9665.2, 0.54], [9662.69, 0.637], [9661.37, 1.45], [9661.34, 0.5], [9660.98, 0.01], [9657.89, 0.728], [9652.56, 1.13134878]], "asks": [[9671.17, 0.9871], [9671.67, 3.0], [9673.16, 0.5546], [9673.17, 0.13114482], [9673.65, 0.09140081], [9673.66, 3.36], [9673.68, 1.5], [9675.6, 0.5], [9676.53, 3.75]], "ts": 1591396861283}
{"bids": [[9665.23, 1.45029145], [9665.22, 0.04502174], [9665.21, 0.090395], [9665.2, 0.54], [9662.69, 0.637], [9661.37, 1.45], [9661.34, 0.5], [9660.98, 0.01], [9657.89, 0.728], [9652.56, 1.13134878]], "asks": [[9671.17, 1.05337925], [9671.67, 3.0], [9673.16, 0.5546], [9673.17, 0.13114482], [9673.65, 0.09140081], [9673.66, 3.36], [9673.68, 1.5], [9675.6, 0.5], [9676.53, 3.75]], "ts": 1591396861292}
{"bids": [[9665.23, 1.45029145], [9665.22, 0.04502174], [9665.21, 0.090395], [9665.2, 0.54], [9662.69, 0.637], [9661.37, 1.45], [9661.34, 0.5], [9660.98, 0.01], [9657.89, 0.728], [9652.56, 1.13134878]], "asks": [[9671.17, 1.10434073], [9671.67, 3.0], [9673.16, 0.5546], [9673.17, 0.13114482], [9673.65, 0.09140081], [9673.66, 3.36], [9673.68, 1.5], [9675.6, 0.5], [9676.53, 3.75]], "ts": 1591396861544}
{"bids": [[9665.23, 1.45029145], [9665.22, 0.04502174], [9665.21, 0.090395], [9665.2, 0.54], [9662.69, 0.637], [9661.37, 1.45], [9661.34, 0.5], [9660.98, 0.01], [9657.89, 0.728], [9652.56, 1.13134878]], "asks": [[9671.17, 1.10434073], [9671.67, 3.0], [9673.16, 0.5546], [9673.17, 0.13114482], [9673.65, 0.09140081], [9673.66, 3.36], [9673.68, 1.5], [9675.6, 0.5], [9676.53, 3.75], [9680.85, 0.59047727]], "ts": 1591396862280}
{"bids": [[9665.23, 1.45029145], [9665.22, 0.04502174], [9665.21, 0.090395], [9665.2, 0.54], [9662.69, 0.637], [9661.37, 1.45], [9661.34, 0.5], [9660.98, 0.01], [9657.89, 0.728], [9652.56, 1.13134878]], "asks": [[9671.17, 1.05337925], [9671.67, 3.0], [9673.16, 0.5546], [9673.17, 0.13114482], [9673.65, 0.09140081], [9673.66, 3.36], [9673.68, 1.5], [9675.6, 0.5], [9676.53, 3.75], [9680.85, 0.59047727]], "ts": 1591396862544}
{"bids": [[9665.23, 1.45029145], [9665.22, 0.04502174], [9665.21, 0.090395], [9665.2, 0.54], [9662.69, 0.637], [9661.37, 1.45], [9661.34, 0.5], [9660.98, 0.01], [9657.89, 0.728], [9652.56, 1.13134878]], "asks": [[9671.17, 1.0945884], [9671.67, 3.0], [9673.16, 0.5546], [9673.17, 0.13114482], [9673.65, 0.09140081], [9673.66, 3.36], [9673.68, 1.5], [9675.6, 0.5], [9676.53, 3.75], [9680.85, 0.59047727]], "ts": 1591396862556}
{"bids": [[9665.23, 1.45029145], [9665.22, 0.04502174], [9665.21, 0.090395], [9665.2, 0.54], [9663.47, 0.5], [9662.69, 0.637], [9661.37, 1.45], [9661.34, 0.5], [9660.98, 0.01], [9657.89, 0.728]], "asks": [[9671.17, 1.0945884], [9671.67, 3.0], [9673.16, 0.5546], [9673.17, 0.13114482], [9673.65, 0.09140081], [9673.66, 3.36], [9673.68, 1.5], [9675.6, 0.5], [9676.53, 3.75], [9680.85, 0.59047727]], "ts": 1591396862821}
{"bids": [[9665.23, 1.45029145], [9665.22, 0.04502174], [9665.21, 0.090395], [9665.2, 0.54], [9663.47, 0.5], [9662.69, 0.637], [9661.37, 1.45], [9661.34, 0.5], [9660.98, 0.01], [9657.89, 0.728]], "asks": [[9671.17, 1.0945884], [9671.67, 3.0], [9673.16, 0.5546], [9673.17, 0.13114482], [9673.65, 0.09140081], [9673.66, 3.36], [9673.68, 1.5], [9675.6, 0.5], [9676.53, 3.75], [9680.85, 0.59047727]], "ts": 1591396863223}
{"bids": [[9665.23, 1.45029145], [9665.22, 0.04502174], [9665.21, 0.090395], [9665.2, 0.54], [9663.47, 0.5], [9662.69, 0.637], [9661.37, 1.45], [9661.34, 0.5], [9660.98, 0.01], [9657.89, 0.728]], "asks": [[9671.17, 1.0945884], [9671.67, 3.0], [9673.16, 0.5546], [9673.17, 0.13114482], [9673.65, 0.09140081], [9673.66, 3.36], [9673.68, 1.5], [9675.6, 0.5], [9676.53, 3.75], [9680.85, 0.59047727]], "ts": 1591396863224}
{"bids": [[9665.23, 1.45029145], [9665.22, 0.04502174], [9665.21, 0.090395], [9665.2, 0.54], [9663.47, 0.5], [9662.69, 0.637], [9661.37, 1.45], [9661.34, 0.5], [9660.98, 0.01], [9657.89, 0.728]], "asks": [[9671.17, 1.0945884], [9671.67, 3.0], [9673.16, 0.5546], [9673.17, 0.13114482], [9673.65, 0.09140081], [9673.66, 3.36], [9673.68, 1.5], [9675.6, 0.5], [9676.53, 3.75], [9680.85, 0.59047727]], "ts": 1591396863230}
{"bids": [[9665.23, 1.45029145], [9665.22, 0.04502174], [9665.21, 0.090395], [9665.2, 0.54], [9663.47, 0.5], [9662.69, 0.637], [9661.37, 1.45], [9661.34, 0.5], [9660.98, 0.01], [9657.89, 0.728]], "asks": [[9671.17, 1.0945884], [9671.67, 3.0], [9673.16, 0.5546], [9673.17, 0.13114482], [9673.65, 0.09140081], [9673.66, 3.36], [9673.68, 1.5], [9675.6, 0.5], [9676.53, 3.75], [9680.85, 0.59047727]], "ts": 1591396863231}
{"bids": [[9665.23, 1.45029145], [9665.22, 0.04502174], [9665.21, 0.090395], [9665.2, 0.54], [9663.47, 0.5], [9662.69, 0.637], [9661.37, 1.45], [9661.34, 0.5], [9660.98, 0.01], [9657.89, 0.728]], "asks": [[9671.17, 1.05337925], [9671.67, 3.0], [9673.16, 0.5546], [9673.17, 0.13114482], [9673.65, 0.09140081], [9673.66, 3.36], [9673.68, 1.5], [9675.6, 0.5], [9676.53, 3.75], [9680.85, 0.59047727]], "ts": 1591396863562}
{"bids": [[9665.23, 1.45029145], [9665.22, 0.04502174], [9665.21, 0.090395], [9665.2, 0.54], [9663.47, 0.5], [9662.69, 0.637], [9661.37, 1.45], [9661.34, 0.5], [9660.98, 0.01], [9657.89, 0.728]], "asks": [[9671.17, 1.09383624], [9671.67, 3.0], [9673.16, 0.5546], [9673.17, 0.13114482], [9673.65, 0.09140081], [9673.66, 3.36], [9673.68, 1.5], [9675.6, 0.5], [9676.53, 3.75], [9680.85, 0.59047727]], "ts": 1591396863575}
{"bids": [[9665.23, 1.45029145], [9665.22, 0.04502174], [9665.21, 0.090395], [9665.2, 0.54], [9663.47, 0.5], [9662.69, 0.637], [9661.37, 1.45], [9661.34, 0.5], [9660.98, 0.01], [9657.89, 0.728]], "asks": [[9671.17, 1.09383624], [9671.67, 3.0], [9673.16, 0.5546], [9673.17, 0.13114482], [9673.65, 0.09140081], [9673.66, 3.36], [9673.68, 1.5], [9675.6, 0.5], [9676.53, 3.75], [9680.85, 0.59047727]], "ts": 1591396863821}
{"bids": [[9665.23, 1.45029145], [9665.22, 0.04502174], [9665.21, 0.090395], [9665.2, 0.54], [9663.47, 0.5], [9662.69, 0.637], [9661.37, 1.45], [9661.34, 0.5], [9660.98, 0.01], [9657.89, 0.728]], "asks": [[9671.17, 1.05337925], [9671.67, 3.0], [9673.16, 0.5546], [9673.17, 0.13114482], [9673.65, 0.09140081], [9673.66, 3.36], [9673.68, 1.5], [9675.6, 0.5], [9676.53, 3.75], [9680.85, 0.59047727]], "ts": 1591396864581}
{"bids": [[9665.23, 1.45029145], [9665.22, 0.04502174], [9665.21, 0.090395], [9665.2, 0.54], [9663.47, 0.5], [9662.69, 0.637], [9661.37, 1.45], [9661.34, 0.5], [9660.98, 0.01], [9657.89, 0.728]], "asks": [[9671.17, 1.09099954], [9671.67, 3.0], [9673.16, 0.5546], [9673.17, 0.13114482], [9673.65, 0.09140081], [9673.66, 3.36], [9673.68, 1.5], [9675.6, 0.5], [9676.53, 3.75], [9680.85, 0.59047727]], "ts": 1591396864593}
{"bids": [[9665.23, 1.45029145], [9665.22, 0.04502174], [9665.21, 0.090395], [9665.2, 0.54], [9663.47, 0.5], [9662.69, 0.637], [9661.37, 1.45], [9661.34, 0.5], [9660.98, 0.01], [9657.89, 0.728]], "asks": [[9671.17, 1.05337925], [9671.67, 3.0], [9673.16, 0.5546], [9673.17, 0.13114482], [9673.65, 0.09140081], [9673.66, 3.36], [9673.68, 1.5], [9675.6, 0.5], [9676.53, 3.75], [9680.85, 0.59047727]], "ts": 1591396865597}
{"bids": [[9665.23, 1.45029145], [9665.22, 0.04502174], [9665.21, 0.090395], [9665.2, 0.54], [9663.47, 0.5], [9662.69, 0.637], [9661.37, 1.45], [9661.34, 0.5], [9660.98, 0.01], [9657.89, 0.728]], "asks": [[9671.17, 1.09086484], [9671.67, 3.0], [9673.16, 0.5546], [9673.17, 0.13114482], [9673.65, 0.09140081], [9673.66, 3.36], [9673.68, 1.5], [9675.6, 0.5], [9676.53, 3.75], [9680.85, 0.59047727]], "ts": 1591396865625}
{"bids": [[9665.23, 1.45029145], [9665.22, 0.04502174], [9665.21, 0.090395], [9665.2, 0.54], [9663.47, 0.5], [9662.69, 0.637], [9661.37, 1.45], [9661.34, 0.5], [9660.98, 0.01], [9657.89, 0.728]], "asks": [[9671.17, 1.05337925], [9671.67, 3.0], [9673.16, 0.5546], [9673.17, 0.13114482], [9673.65, 0.09140081], [9673.66, 3.36], [9673.68, 1.5], [9675.6, 0.5], [9676.53, 3.75], [9680.85, 0.59047727]], "ts": 1591396866616}
{"bids": [[9665.23, 1.45029145], [9665.22, 0.04502174], [9665.21, 0.090395], [9665.2, 0.54], [9663.47, 0.5], [9662.69, 0.637], [9661.37, 1.45], [9661.34, 0.5], [9660.98, 0.01], [9657.89, 0.728]], "asks": [[9671.17, 1.0899411], [9671.67, 3.0], [9673.16, 0.5546], [9673.17, 0.13114482], [9673.65, 0.09140081], [9673.66, 3.36], [9673.68, 1.5], [9675.6, 0.5], [9676.53, 3.75], [9680.85, 0.59047727]], "ts": 1591396866686}
{"bids": [[9665.23, 1.45029145], [9665.22, 0.04502174], [9665.21, 0.090395], [9665.2, 0.54], [9663.47, 0.5], [9662.69, 0.637], [9661.37, 1.45], [9661.34, 0.5], [9660.98, 0.01], [9657.89, 0.728]], "asks": [[9671.17, 1.05337925], [9671.67, 3.0], [9673.16, 0.5546], [9673.17, 0.13114482], [9673.65, 0.09140081], [9673.66, 3.36], [9673.68, 1.5], [9675.6, 0.5], [9676.53, 3.75], [9680.85, 0.59047727]], "ts": 1591396867658}
{"bids": [[9665.23, 1.45029145], [9665.22, 0.04502174], [9665.21, 0.090395], [9665.2, 0.54], [9663.47, 0.5], [9662.69, 0.637], [9661.37, 1.45], [9661.34, 0.5], [9660.98, 0.01], [9657.89, 0.728]], "asks": [[9671.17, 1.08962084], [9671.67, 3.0], [9673.16, 0.5546], [9673.17, 0.13114482], [9673.65, 0.09140081], [9673.66, 3.36], [9673.68, 1.5], [9675.6, 0.5], [9676.53, 3.75], [9680.85, 0.59047727]], "ts": 1591396867670}
{"bids": [[9665.23, 1.45029145], [9665.22, 0.04502174], [9665.21, 0.090395], [9665.2, 0.54], [9663.47, 0.5], [9662.69, 0.637], [9661.37, 1.45], [9661.34, 0.5], [9660.98, 0.01], [9657.89, 0.728]], "asks": [[9671.17, 1.05337925], [9671.67, 3.0], [9673.16, 0.5546], [9673.17, 0.13114482], [9673.65, 0.09140081], [9673.66, 3.36], [9673.68, 1.5], [9675.6, 0.5], [9676.53, 3.75], [9680.85, 0.59047727]], "ts": 1591396869381}
{"bids": [[9665.23, 1.45029145], [9665.22, 0.04502174], [9665.21, 0.090395], [9665.2, 0.54], [9663.47, 0.5], [9662.69, 0.637], [9661.37, 1.45], [9661.34, 0.5], [9660.98, 0.01], [9657.89, 0.728]], "asks": [[9671.17, 1.08753549], [9671.67, 3.0], [9673.16, 0.5546], [9673.17, 0.13114482], [9673.65, 0.09140081], [9673.66, 3.36], [9673.68, 1.5], [9675.6, 0.5], [9676.53, 3.75], [9680.85, 0.59047727]], "ts": 1591396869396}
{"bids": [[9665.23, 1.45029145], [9665.22, 0.04502174], [9665.21, 0.090395], [9665.2, 0.54], [9662.69, 0.637], [9661.37, 1.45], [9661.34, 0.5], [9660.98, 0.01], [9657.89, 0.728]], "asks": [[9671.17, 1.08753549], [9671.67, 3.0], [9673.16, 0.5546], [9673.17, 0.13114482], [9673.65, 0.09140081], [9673.66, 3.36], [9673.68, 1.5], [9675.6, 0.5], [9676.53, 3.75], [9680.85, 0.59047727]], "ts": 1591396871934}
{"bids": [[9665.23, 1.45029145], [9665.22, 0.04502174], [9665.21, 0.090395], [9665.2, 0.54], [9662.69, 0.637], [9661.37, 1.45], [9661.34, 0.5], [9660.98, 0.01], [9657.89, 0.728]], "asks": [[9671.17, 1.05337925], [9671.67, 3.0], [9673.16, 0.5546], [9673.17, 0.13114482], [9673.65, 0.09140081], [9673.66, 3.36], [9673.68, 1.5], [9675.6, 0.5], [9676.53, 3.75], [9680.85, 0.59047727]], "ts": 1591396872613}
{"bids": [[9665.23, 1.45029145], [9665.22, 0.04502174], [9665.21, 0.090395], [9665.2, 0.54], [9662.69, 0.637], [9661.37, 1.45], [9661.34, 0.5], [9660.98, 0.01], [9657.89, 0.728]], "asks": [[9671.17, 1.0871934], [9671.67, 3.0], [9673.16, 0.5546], [9673.17, 0.13114482], [9673.65, 0.09140081], [9673.66, 3.36], [9673.68, 1.5], [9675.6, 0.5], [9676.53, 3.75], [9680.85, 0.59047727]], "ts": 1591396872634}
{"bids": [[9665.23, 1.45029145], [9665.22, 0.04502174], [9665.21, 0.090395], [9665.2, 0.54], [9662.69, 0.637], [9661.37, 1.45], [9661.34, 0.5], [9660.98, 0.01], [9657.89, 0.728], [9646.34, 0.5]], "asks": [[9671.17, 1.0871934], [9671.67, 3.0], [9673.16, 0.5546], [9673.17, 0.13114482], [9673.65, 0.09140081], [9673.66, 3.36], [9673.68, 1.5], [9675.6, 0.5], [9676.53, 3.75], [9680.85, 0.59047727]], "ts": 1591396872932}
{"bids": [[9665.23, 1.45029145], [9665.22, 0.04502174], [9665.21, 0.090395], [9665.2, 0.54], [9662.69, 0.637], [9661.37, 1.45], [9661.34, 0.5], [9660.98, 0.01], [9657.89, 0.728], [9646.34, 0.5]], "asks": [[9671.17, 1.05337925], [9671.67, 3.0], [9673.16, 0.5546], [9673.17, 0.13114482], [9673.65, 0.09140081], [9673.66, 3.36], [9673.68, 1.5], [9675.6, 0.5], [9676.53, 3.75], [9680.85, 0.59047727]], "ts": 1591396873642}
{"bids": [[9665.23, 1.45029145], [9665.22, 0.04502174], [9665.21, 0.090395], [9665.2, 0.54], [9662.69, 0.637], [9661.37, 1.45], [9661.34, 0.5], [9660.98, 0.01], [9657.89, 0.728], [9646.34, 0.5]], "asks": [[9671.17, 1.08649364], [9671.67, 3.0], [9673.16, 0.5546], [9673.17, 0.13114482], [9673.65, 0.09140081], [9673.66, 3.36], [9673.68, 1.5], [9675.6, 0.5], [9676.53, 3.75], [9680.85, 0.59047727]], "ts": 1591396873666}
{"bids": [[9665.23, 1.45029145], [9665.22, 0.04502174], [9665.21, 0.090395], [9665.2, 0.54], [9661.37, 1.45], [9661.34, 0.5], [9660.98, 0.01], [9657.89, 0.728], [9646.34, 0.5]], "asks": [[9671.17, 1.08649364], [9671.67, 3.0], [9673.16, 0.5546], [9673.17, 0.13114482], [9673.65, 0.09140081], [9673.66, 3.36], [9673.68, 1.5], [9675.6, 0.5], [9676.53, 3.75], [9680.85, 0.59047727]], "ts": 1591396874845}
{"bids": [[9665.23, 1.45029145], [9665.22, 0.04502174], [9665.21, 0.090395], [9665.2, 0.54], [9661.37, 1.45], [9661.34, 0.5], [9660.98, 0.01], [9657.89, 0.728], [9656.89, 0.571], [9646.34, 0.5]], "asks": [[9671.17, 1.08649364], [9671.67, 3.0], [9673.16, 0.5546], [9673.17, 0.13114482], [9673.65, 0.09140081], [9673.66, 3.36], [9673.68, 1.5], [9675.6, 0.5], [9676.53, 3.75], [9680.85, 0.59047727]], "ts": 1591396874851}
{"bids": [[9665.23, 1.45029145], [9665.22, 0.04502174], [9665.21, 0.090395], [9665.2, 0.54], [9661.37, 1.45], [9661.34, 0.5], [9660.98, 0.01], [9657.89, 0.728], [9656.89, 0.571], [9646.34, 0.5]], "asks": [[9671.17, 1.08649364], [9671.66, 0.0541081], [9671.67, 3.0], [9673.16, 0.5546], [9673.17, 0.13114482], [9673.65, 0.09140081], [9673.66, 3.36], [9673.68, 1.5], [9675.6, 0.5], [9676.53, 3.75]], "ts": 1591396874854}
{"bids": [[9665.23, 1.45029145], [9665.22, 0.04502174], [9665.21, 0.090395], [9665.2, 0.54], [9661.37, 1.45], [9661.34, 0.5], [9660.98, 0.01], [9657.89, 0.728], [9656.89, 0.571], [9646.34, 0.5]], "asks": [[9671.17, 1.08649364], [9671.66, 0.0541081], [9671.67, 3.0], [9673.16, 0.5546], [9673.17, 0.13114482], [9673.65, 0.04562197], [9673.66, 3.36], [9673.68, 1.5], [9675.6, 0.5], [9676.53, 3.75]], "ts": 1591396874854}
{"bids": [[9665.23, 1.45029145], [9665.22, 0.04502174], [9665.21, 0.090395], [9665.2, 0.54], [9661.37, 1.45], [9661.34, 0.5], [9660.98, 0.01], [9657.89, 0.728], [9656.89, 0.571], [9646.34, 0.5]], "asks": [[9671.17, 1.08649364], [9671.66, 0.1082162], [9671.67, 3.0], [9673.16, 0.5546], [9673.17, 0.13114482], [9673.65, 0.04562197], [9673.66, 3.36], [9673.68, 1.5], [9675.6, 0.5], [9676.53, 3.75]], "ts": 1591396874858}
{"bids": [[9665.23, 1.45029145], [9665.22, 0.04502174], [9665.21, 0.090395], [9665.2, 0.54], [9661.37, 1.45], [9661.34, 0.5], [9660.98, 0.01], [9657.89, 0.728], [9656.89, 0.571], [9646.34, 0.5]], "asks": [[9671.17, 1.08649364], [9671.66, 0.1082162], [9671.67, 3.0], [9673.16, 0.5546], [9673.17, 0.13114482], [9673.66, 3.36], [9673.68, 1.5], [9675.6, 0.5], [9676.53, 3.75]], "ts": 1591396874859}
{"bids": [[9665.23, 1.45029145], [9665.22, 0.04502174], [9665.21, 0.04537326], [9665.2, 0.54], [9661.37, 1.45], [9661.34, 0.5], [9660.98, 0.01], [9657.89, 0.728], [9656.89, 0.571], [9646.34, 0.5]], "asks": [[9671.17, 1.08649364], [9671.66, 0.1082162], [9671.67, 3.0], [9673.16, 0.5546], [9673.17, 0.13114482], [9673.66, 3.36], [9673.68, 1.5], [9675.6, 0.5], [9676.53, 3.75]], "ts": 1591396874859}
{"bids": [[9665.23, 1.45029145], [9665.22, 0.04502174], [9665.2, 0.54], [9661.37, 1.45], [9661.34, 0.5], [9660.98, 0.01], [9657.89, 0.728], [9656.89, 0.571], [9646.34, 0.5]], "asks": [[9671.17, 1.08649364], [9671.66, 0.1082162], [9671.67, 3.0], [9673.16, 0.5546], [9673.17, 0.13114482], [9673.66, 3.36], [9673.68, 1.5], [9675.6, 0.5], [9676.53, 3.75]], "ts": 1591396874860}
{"bids": [[9665.23, 1.45029145], [9665.22, 0.04502174], [9665.2, 0.54], [9661.38, 0.0541081], [9661.37, 1.45], [9661.34, 0.5], [9660.98, 0.01], [9657.89, 0.728], [9656.89, 0.571], [9646.34, 0.5]], "asks": [[9671.17, 1.08649364], [9671.66, 0.1082162], [9671.67, 3.0], [9673.16, 0.5546], [9673.17, 0.13114482], [9673.66, 3.36], [9673.68, 1.5], [9675.6, 0.5], [9676.53, 3.75]], "ts": 1591396874862}
{"bids": [[9665.23, 1.45029145], [9665.22, 0.04502174], [9665.2, 0.54], [9661.38, 0.1082162], [9661.37, 1.45], [9661.34, 0.5], [9660.98, 0.01], [9657.89, 0.728], [9656.89, 0.571], [9646.34, 0.5]], "asks": [[9671.17, 1.08649364], [9671.66, 0.1082162], [9671.67, 3.0], [9673.16, 0.5546], [9673.17, 0.13114482], [9673.66, 3.36], [9673.68, 1.5], [9675.6, 0.5], [9676.53, 3.75]], "ts": 1591396874862}
{"bids": [[9665.23, 1.45029145], [9665.22, 0.04502174], [9665.2, 0.5941081], [9661.38, 0.1082162], [9661.37, 1.45], [9661.34, 0.5], [9660.98, 0.01], [9657.89, 0.728], [9656.89, 0.571], [9646.34, 0.5]], "asks": [[9671.17, 1.08649364], [9671.66, 0.1082162], [9671.67, 3.0], [9673.16, 0.5546], [9673.17, 0.13114482], [9673.66, 3.36], [9673.68, 1.5], [9675.6, 0.5], [9676.53, 3.75]], "ts": 1591396874867}
{"bids": [[9665.23, 1.45029145], [9665.22, 0.04502174], [9665.2, 0.5941081], [9661.38, 0.0541081], [9661.37, 1.45], [9661.34, 0.5], [9660.98, 0.01], [9657.89, 0.728], [9656.89, 0.571], [9646.34, 0.5]], "asks": [[9671.17, 1.08649364], [9671.66, 0.1082162], [9671.67, 3.0], [9673.16, 0.5546], [9673.17, 0.13114482], [9673.66, 3.36], [9673.68, 1.5], [9675.6, 0.5], [9676.53, 3.75]], "ts": 1591396874868}
{"bids": [[9665.23, 1.45029145], [9665.22, 0.09912984], [9665.2, 0.5941081], [9661.38, 0.0541081], [9661.37, 1.45], [9661.34, 0.5], [9660.98, 0.01], [9657.89, 0.728], [9656.89, 0.571], [9646.34, 0.5]], "asks": [[9671.17, 1.08649364], [9671.66, 0.1082162], [9671.67, 3.0], [9673.16, 0.5546], [9673.17, 0.13114482], [9673.66, 3.36], [9673.68, 1.5], [9675.6, 0.5], [9676.53, 3.75]], "ts": 1591396874868}
{"bids": [[9665.23, 1.45029145], [9665.22, 0.09912984], [9665.2, 0.5941081], [9661.37, 1.45], [9661.34, 0.5], [9660.98, 0.01], [9657.89, 0.728], [9656.89, 0.571], [9646.34, 0.5]], "asks": [[9671.17, 1.08649364], [9671.66, 0.1082162], [9671.67, 3.0], [9673.16, 0.5546], [9673.17, 0.13114482], [9673.66, 3.36], [9673.68, 1.5], [9675.6, 0.5], [9676.53, 3.75]], "ts": 1591396874876}
{"bids": [[9665.23, 1.45029145], [9665.22, 0.09912984], [9665.2, 0.5941081], [9661.37, 1.45], [9661.34, 0.5], [9660.98, 0.01], [9657.89, 0.728], [9656.89, 0.571], [9646.34, 0.5]], "asks": [[9671.17, 1.05337925], [9671.66, 0.1082162], [9671.67, 3.0], [9673.16, 0.5546], [9673.17, 0.13114482], [9673.66, 3.36], [9673.68, 1.5], [9675.6, 0.5], [9676.53, 3.75]], "ts": 1591396875233}
{"bids": [[9665.23, 1.45029145], [9665.22, 0.09912984], [9665.2, 0.5941081], [9661.37, 1.45], [9661.34, 0.5], [9660.98, 0.01], [9657.89, 0.728], [9656.89, 0.571], [9646.34, 0.5]], "asks": [[9671.17, 1.0850795], [9671.66, 0.1082162], [9671.67, 3.0], [9673.16, 0.5546], [9673.17, 0.13114482], [9673.66, 3.36], [9673.68, 1.5], [9675.6, 0.5], [9676.53, 3.75]], "ts": 1591396875258}
{"bids": [[9665.23, 1.45029145], [9665.22, 0.09912984], [9665.2, 0.5941081], [9661.37, 1.45], [9661.34, 0.5], [9660.98, 0.01], [9657.89, 0.728], [9656.89, 0.571], [9646.34, 0.5]], "asks": [[9671.17, 1.05337925], [9671.66, 0.1082162], [9671.67, 3.0], [9673.16, 0.5546], [9673.17, 0.13114482], [9673.66, 3.36], [9673.68, 1.5], [9675.6, 0.5], [9676.53, 3.75]], "ts": 1591396876274}
{"bids": [[9665.23, 1.45029145], [9665.22, 0.09912984], [9665.2, 0.5941081], [9661.37, 1.45], [9661.34, 0.5], [9660.98, 0.01], [9657.89, 0.728], [9656.89, 0.571], [9646.34, 0.5]], "asks": [[9671.17, 1.08461531], [9671.66, 0.1082162], [9671.67, 3.0], [9673.16, 0.5546], [9673.17, 0.13114482], [9673.66, 3.36], [9673.68, 1.5], [9675.6, 0.5], [9676.53, 3.75]], "ts": 1591396876347}
{"bids": [[9665.23, 1.45029145], [9665.22, 0.09912984], [9665.2, 0.5941081], [9661.37, 1.45], [9661.34, 0.5], [9660.98, 0.01], [9657.89, 0.728], [9656.89, 0.571], [9646.34, 0.5]], "asks": [[9671.17, 1.05337925], [9671.66, 0.1082162], [9671.67, 3.0], [9673.16, 0.5546], [9673.17, 0.13114482], [9673.66, 3.36], [9673.68, 1.5], [9675.6, 0.5], [9676.53, 3.75]], "ts": 1591396878311}
{"bids": [[9665.23, 1.45029145], [9665.22, 0.09912984], [9665.2, 0.5941081], [9661.37, 1.45], [9661.34, 0.5], [9660.98, 0.01], [9657.89, 0.728], [9656.89, 0.571], [9646.34, 0.5]], "asks": [[9671.17, 1.08363036], [9671.66, 0.1082162], [9671.67, 3.0], [9673.16, 0.5546], [9673.17, 0.13114482], [9673.66, 3.36], [9673.68, 1.5], [9675.6, 0.5], [9676.53, 3.75]], "ts": 1591396878391}
{"bids": [[9665.23, 1.45029145], [9665.22, 0.09912984], [9665.2, 0.5941081], [9661.37, 1.45], [9661.34, 0.5], [9660.98, 0.01], [9657.89, 0.728], [9656.89, 0.571], [9646.34, 0.5]], "asks": [[9671.17, 1.08363036], [9671.66, 0.1082162], [9671.67, 3.0], [9673.16, 0.5546], [9673.17, 0.13114482], [9673.66, 3.36], [9673.68, 1.5], [9675.6, 0.5], [9676.53, 3.75], [10640.5, 0.001]], "ts": 1591396879017}
{"bids": [[9665.23, 1.45029145], [9665.22, 0.09912984], [9665.2, 0.5941081], [9661.37, 1.45], [9661.34, 0.5], [9660.98, 0.01], [9657.89, 0.728], [9656.89, 0.571], [9646.34, 0.5]], "asks": [[9671.17, 1.08363036], [9671.66, 0.1082162], [9671.67, 3.0], [9673.16, 0.5546], [9673.17, 0.13114482], [9673.66, 3.36], [9673.68, 1.5], [9675.6, 0.5], [9676.53, 3.75]], "ts": 1591396879118}
{"bids": [[9665.23, 1.45029145], [9665.22, 0.09912984], [9665.2, 0.5941081], [9663.47, 0.5], [9661.37, 1.45], [9661.34, 0.5], [9660.98, 0.01], [9657.89, 0.728], [9656.89, 0.571], [9646.34, 0.5]], "asks": [[9671.17, 1.08363036], [9671.66, 0.1082162], [9671.67, 3.0], [9673.16, 0.5546], [9673.17, 0.13114482], [9673.66, 3.36], [9673.68, 1.5], [9675.6, 0.5], [9676.53, 3.75]], "ts": 1591396879203}
{"bids": [[9665.23, 1.45029145], [9665.22, 0.09912984], [9665.2, 0.5941081], [9663.47, 0.5], [9661.37, 1.45], [9661.34, 0.5], [9660.98, 0.01], [9657.89, 0.728], [9656.89, 0.571], [9646.34, 0.5]], "asks": [[9671.17, 1.05337925], [9671.66, 0.1082162], [9671.67, 3.0], [9673.16, 0.5546], [9673.17, 0.13114482], [9673.66, 3.36], [9673.68, 1.5], [9675.6, 0.5], [9676.53, 3.75]], "ts": 1591396879345}
{"bids": [[9665.23, 1.45029145], [9665.22, 0.09912984], [9665.2, 0.5941081], [9663.47, 0.5], [9661.37, 1.45], [9661.34, 0.5], [9660.98, 0.01], [9657.89, 0.728], [9656.89, 0.571], [9646.34, 0.5]], "asks": [[9671.17, 1.08020617], [9671.66, 0.1082162], [9671.67, 3.0], [9673.16, 0.5546], [9673.17, 0.13114482], [9673.66, 3.36], [9673.68, 1.5], [9675.6, 0.5], [9676.53, 3.75]], "ts": 1591396879357}
{"bids": [[9665.23, 1.45029145], [9665.22, 0.09912984], [9665.2, 0.5941081], [9663.47, 0.5], [9661.37, 1.45], [9661.34, 0.5], [9660.98, 0.01], [9657.89, 0.728], [9656.89, 0.571]], "asks": [[9671.17, 1.08020617], [9671.66, 0.1082162], [9671.67, 3.0], [9673.16, 0.5546], [9673.17, 0.13114482], [9673.66, 3.36], [9673.68, 1.5], [9675.6, 0.5], [9676.53, 3.75]], "ts": 1591396880200}
{"bids": [[9665.23, 1.45029145], [9665.22, 0.09912984], [9665.2, 0.5941081], [9663.47, 0.5], [9661.37, 1.45], [9661.34, 0.5], [9660.98, 0.01], [9657.89, 0.728], [9656.89, 0.571]], "asks": [[9671.17, 1.08020617], [9671.66, 0.1082162], [9671.67, 3.0], [9673.15, 0.00153854], [9673.16, 0.5546], [9673.17, 0.13114482], [9673.66, 3.36], [9673.68, 1.5], [9675.6, 0.5], [9676.53, 3.75]], "ts": 1591396880201}
{"bids": [[9665.23, 1.45029145], [9665.22, 0.09912984], [9665.2, 0.5941081], [9663.47, 0.5], [9661.37, 1.45], [9661.34, 0.5], [9660.98, 0.01], [9657.89, 0.728], [9656.89, 0.571]], "asks": [[9671.17, 1.08020617], [9671.66, 0.1082162], [9671.67, 3.0], [9673.15, 0.00153854], [9673.16, 0.5546], [9673.17, 0.13114482], [9673.66, 3.36], [9673.68, 1.5], [9675.6, 0.5], [9676.53, 3.75]], "ts": 1591396880657}
{"bids": [[9665.23, 1.45029145], [9665.22, 0.09912984], [9665.2, 0.5941081], [9663.47, 0.5], [9661.37, 1.45], [9661.34, 0.5], [9660.98, 0.01], [9656.89, 0.571]], "asks": [[9671.17, 1.08020617], [9671.66, 0.1082162], [9671.67, 3.0], [9673.15, 0.00153854], [9673.16, 0.5546], [9673.17, 0.13114482], [9673.66, 3.36], [9673.68, 1.5], [9675.6, 0.5], [9676.53, 3.75]], "ts": 1591396880659}
{"bids": [[9665.23, 1.45029145], [9665.22, 0.09912984], [9665.2, 0.5941081], [9663.47, 0.5], [9661.37, 1.45], [9661.34, 0.5], [9660.98, 0.01], [9656.89, 0.571]], "asks": [[9671.17, 1.08020617], [9671.66, 0.1082162], [9671.67, 3.0], [9673.15, 0.00153854], [9673.16, 0.5546], [9673.17, 0.13114482], [9673.66, 3.36], [9673.68, 1.5], [9675.6, 0.5], [9676.53, 3.75]], "ts": 1591396880664}
{"bids": [[9665.23, 1.45029145], [9665.22, 0.09912984], [9665.2, 0.5941081], [9663.47, 0.5], [9661.37, 1.45], [9661.34, 0.5], [9660.98, 0.01], [9656.89, 0.571]], "asks": [[9671.17, 1.08020617], [9671.66, 0.1082162], [9671.67, 3.0], [9673.15, 0.00153854], [9673.16, 0.5546], [9673.17, 0.13114482], [9673.66, 3.36], [9673.68, 1.5], [9675.6, 0.5], [9676.53, 3.75]], "ts": 1591396880666}
{"bids": [[9665.23, 1.45029145], [9665.22, 0.09912984], [9665.2, 0.5941081], [9663.47, 0.5], [9661.37, 1.45], [9661.34, 0.5], [9660.98, 0.01], [9660.84, 0.518], [9656.89, 0.571]], "asks": [[9671.17, 1.08020617], [9671.66, 0.1082162], [9671.67, 3.0], [9673.15, 0.00153854], [9673.16, 0.5546], [9673.17, 0.13114482], [9673.66, 3.36], [9673.68, 1.5], [9675.6, 0.5], [9676.53, 3.75]], "ts": 1591396880667}
{"bids": [[9665.23, 1.45029145], [9665.22, 0.09912984], [9665.2, 0.5941081], [9663.47, 0.5], [9661.37, 1.45], [9661.34, 0.5], [9660.98, 0.01], [9660.84, 0.518], [9657.94, 0.507], [9656.89, 0.571]], "asks": [[9671.17, 1.08020617], [9671.66, 0.1082162], [9671.67, 3.0], [9673.15, 0.00153854], [9673.16, 0.5546], [9673.17, 0.13114482], [9673.66, 3.36], [9673.68, 1.5], [9675.6, 0.5], [9676.53, 3.75]], "ts": 1591396880667}
{"bids": [[9665.23, 1.45029145], [9665.22, 0.09912984], [9665.2, 0.5941081], [9663.47, 0.5], [9661.37, 1.45], [9661.34, 0.5], [9660.98, 0.01], [9660.84, 0.518], [9657.94, 0.507], [9656.89, 0.571]], "asks": [[9671.17, 1.08020617], [9671.66, 0.1082162], [9671.67, 3.0], [9673.15, 0.00153854], [9673.16, 0.5546], [9673.17, 0.13114482], [9673.66, 3.36], [9673.68, 1.5], [9675.6, 0.5], [9676.53, 3.75]], "ts": 1591396880668}
{"bids": [[9665.23, 1.45029145], [9665.22, 0.09912984], [9665.2, 0.5941081], [9663.47, 0.5], [9661.37, 1.45], [9661.34, 0.5], [9660.98, 0.01], [9660.84, 0.518], [9657.94, 0.507], [9656.89, 0.571]], "asks": [[9671.17, 1.08020617], [9671.66, 0.1082162], [9671.67, 3.0], [9673.15, 0.00153854], [9673.16, 0.5546], [9673.17, 0.13114482], [9673.66, 3.36], [9673.68, 1.5], [9675.6, 0.5], [9676.53, 3.75]], "ts": 1591396880675}
{"bids": [[9665.23, 1.45029145], [9665.22, 0.09912984], [9665.2, 0.5941081], [9663.47, 0.5], [9661.37, 1.45], [9661.34, 0.5], [9660.98, 0.01], [9660.84, 0.518], [9657.94, 0.507], [9656.89, 0.571]], "asks": [[9671.17, 1.08020617], [9671.66, 0.1082162], [9671.67, 3.0], [9673.15, 0.00153854], [9673.16, 0.5546], [9673.17, 0.13114482], [9673.66, 3.36], [9673.68, 1.5], [9675.6, 0.5], [9676.53, 3.75]], "ts": 1591396880675}
{"bids": [[9665.23, 1.45029145], [9665.22, 0.09912984], [9665.2, 0.5941081], [9663.47, 0.5], [9661.37, 1.45], [9661.34, 0.5], [9660.98, 0.01], [9660.84, 0.518], [9657.94, 0.507]], "asks": [[9671.17, 1.08020617], [9671.66, 0.1082162], [9671.67, 3.0], [9673.15, 0.00153854], [9673.16, 0.5546], [9673.17, 0.13114482], [9673.66, 3.36], [9673.68, 1.5], [9675.6, 0.5], [9676.53, 3.75]], "ts": 1591396880676}
{"bids": [[9665.23, 1.45029145], [9665.22, 0.09912984], [9665.2, 0.5941081], [9663.47, 0.5], [9661.37, 1.45], [9661.34, 0.5], [9660.98, 0.01], [9660.84, 0.518], [9657.94, 0.507]], "asks": [[9671.17, 1.08020617], [9671.66, 0.1082162], [9671.67, 3.0], [9673.15, 0.00153854], [9673.16, 0.5546], [9673.17, 0.13114482], [9673.66, 3.36], [9673.68, 1.5], [9675.6, 0.5], [9676.53, 3.75]], "ts": 1591396880680}
{"bids": [[9665.23, 1.45029145], [9665.22, 0.09912984], [9665.2, 0.5941081], [9663.47, 0.5], [9661.37, 1.45], [9661.34, 0.5], [9660.98, 0.01], [9660.84, 0.518], [9657.94, 0.507]], "asks": [[9671.17, 1.08020617], [9671.66, 0.1082162], [9671.67, 3.0], [9673.15, 0.00153854], [9673.16, 0.5546], [9673.17, 0.13114482], [9673.66, 3.36], [9673.68, 1.5], [9675.6, 0.5], [9676.53, 3.75]], "ts": 1591396880680}
{"bids": [[9665.23, 1.45029145], [9665.22, 0.09912984], [9665.2, 0.5941081], [9663.47, 0.5], [9661.37, 1.45], [9661.34, 0.5], [9660.98, 0.01], [9660.84, 0.518], [9659.84, 0.53], [9657.94, 0.507]], "asks": [[9671.17, 1.08020617], [9671.66, 0.1082162], [9671.67, 3.0], [9673.15, 0.00153854], [9673.16, 0.5546], [9673.17, 0.13114482], [9673.66, 3.36], [9673.68, 1.5], [9675.6, 0.5], [9676.53, 3.75]], "ts": 1591396880681}
{"bids": [[9665.23, 1.45029145], [9665.22, 0.09912984], [9665.2, 0.5941081], [9663.47, 0.5], [9661.37, 1.45], [9661.34, 0.5], [9660.98, 0.01], [9660.84, 0.518], [9659.84, 0.53], [9657.94, 0.507]], "asks": [[9671.17, 1.08020617], [9671.66, 0.1082162], [9671.67, 3.0], [9673.15, 0.00153854], [9673.16, 0.5546], [9673.17, 0.13114482], [9673.66, 3.36], [9673.68, 1.5], [9675.6, 0.5], [9676.53, 3.75]], "ts": 1591396880681}
{"bids": [[9665.23, 1.45029145], [9665.22, 0.09912984], [9665.2, 0.5941081], [9663.47, 0.5], [9661.37, 1.45], [9661.34, 0.5], [9660.98, 0.01], [9660.84, 0.518], [9659.84, 0.53], [9657.94, 0.507]], "asks": [[9671.17, 1.08020617], [9671.66, 0.1082162], [9671.67, 3.0], [9673.15, 0.00153854], [9673.16, 0.5546], [9673.17, 0.13114482], [9673.66, 3.36], [9673.68, 1.5], [9675.6, 0.5], [9676.53, 3.75]], "ts": 1591396880690}
{"bids": [[9665.23, 1.45029145], [9665.22, 0.09912984], [9665.2, 0.5941081], [9663.47, 0.5], [9661.37, 1.45], [9661.34, 0.5], [9660.98, 0.01], [9660.84, 0.518], [9659.84, 0.53], [9657.94, 0.507]], "asks": [[9671.17, 1.08020617], [9671.66, 0.1082162], [9671.67, 3.0], [9673.15, 0.00153854], [9673.16, 0.5546], [9673.17, 0.13114482], [9673.66, 3.36], [9673.68, 1.5], [9675.6, 0.5], [9676.53, 3.75]], "ts": 1591396880691}
{"bids": [[9665.23, 1.45029145], [9665.22, 0.09912984], [9665.2, 0.5941081], [9663.47, 0.5], [9661.37, 1.45], [9661.34, 0.5], [9660.98, 0.01], [9660.84, 0.518], [9659.84, 0.53], [9657.94, 0.507]], "asks": [[9671.17, 1.05337925], [9671.66, 0.1082162], [9671.67, 3.0], [9673.15, 0.00153854], [9673.16, 0.5546], [9673.17, 0.13114482], [9673.66, 3.36], [9673.68, 1.5], [9675.6, 0.5], [9676.53, 3.75]], "ts": 1591396881456}
{"bids": [[9665.23, 1.45029145], [9665.22, 0.09912984], [9665.2, 0.5941081], [9663.47, 0.5], [9661.37, 1.45], [9661.34, 0.5], [9660.98, 0.01], [9660.84, 0.518], [9659.84, 0.53], [9657.94, 0.507]], "asks": [[9671.17, 1.07879203], [9671.66, 0.1082162], [9671.67, 3.0], [9673.15, 0.00153854], [9673.16, 0.5546], [9673.17, 0.13114482], [9673.66, 3.36], [9673.68, 1.5], [9675.6, 0.5], [9676.53, 3.75]], "ts": 1591396881477}
{"bids": [[9665.23, 0.00029145], [9665.22, 0.09912984], [9665.2, 0.5941081], [9663.47, 0.5], [9661.37, 1.45], [9661.34, 0.5], [9660.98, 0.01], [9660.84, 0.518], [9659.84, 0.53], [9657.94, 0.507]], "asks": [[9671.17, 1.07879203], [9671.66, 0.1082162], [9671.67, 3.0], [9673.15, 0.00153854], [9673.16, 0.5546], [9673.17, 0.13114482], [9673.66, 3.36], [9673.68, 1.5], [9675.6, 0.5], [9676.53, 3.75]], "ts": 1591396882749}
{"bids": [[9665.23, 0.0001526], [9665.22, 0.09912984], [9665.2, 0.5941081], [9663.47, 0.5], [9661.37, 1.45], [9661.34, 0.5], [9660.98, 0.01], [9660.84, 0.518], [9659.84, 0.53], [9657.94, 0.507]], "asks": [[9671.17, 1.07879203], [9671.66, 0.1082162], [9671.67, 3.0], [9673.15, 0.00153854], [9673.16, 0.5546], [9673.17, 0.13114482], [9673.66, 3.36], [9673.68, 1.5], [9675.6, 0.5], [9676.53, 3.75]], "ts": 1591396882764}
{"bids": [[9665.22, 0.09912984], [9665.2, 0.5941081], [9663.47, 0.5], [9661.37, 1.45], [9661.34, 0.5], [9660.98, 0.01], [9660.84, 0.518], [9659.84, 0.53], [9657.94, 0.507]], "asks": [[9671.17, 1.07879203], [9671.66, 0.1082162], [9671.67, 3.0], [9673.15, 0.00153854], [9673.16, 0.5546], [9673.17, 0.13114482], [9673.66, 3.36], [9673.68, 1.5], [9675.6, 0.5], [9676.53, 3.75]], "ts": 1591396882765}
{"bids": [[9665.22, 0.09912984], [9665.2, 0.5941081], [9663.47, 0.5], [9661.37, 1.45], [9661.34, 0.5], [9660.98, 0.01], [9660.84, 0.518], [9659.84, 0.53], [9657.94, 0.507]], "asks": [[9671.16, 0.0155643], [9671.17, 1.07879203], [9671.66, 0.1082162], [9671.67, 3.0], [9673.15, 0.00153854], [9673.16, 0.5546], [9673.17, 0.13114482], [9673.66, 3.36], [9673.68, 1.5], [9675.6, 0.5]], "ts": 1591396882771}
{"bids": [[9665.22, 0.09912984], [9665.2, 0.5941081], [9663.47, 0.5], [9661.37, 1.45], [9661.34, 0.5], [9660.98, 0.01], [9660.84, 0.518], [9659.84, 0.53], [9657.94, 0.507]], "asks": [[9671.16, 0.0155643], [9671.17, 1.07879203], [9671.66, 0.1082162], [9671.67, 3.0], [9673.16, 0.5546], [9673.17, 0.13114482], [9673.66, 3.36], [9673.68, 1.5], [9675.6, 0.5]], "ts": 1591396882771}
{"bids": [[9665.22, 0.09926869], [9665.2, 0.5941081], [9663.47, 0.5], [9661.37, 1.45], [9661.34, 0.5], [9660.98, 0.01], [9660.84, 0.518], [9659.84, 0.53], [9657.94, 0.507]], "asks": [[9671.16, 0.0155643], [9671.17, 1.07879203], [9671.66, 0.1082162], [9671.67, 3.0], [9673.16, 0.5546], [9673.17, 0.13114482], [9673.66, 3.36], [9673.68, 1.5], [9675.6, 0.5]], "ts": 1591396882772}
{"bids": [[9665.22, 0.09942129], [9665.2, 0.5941081], [9663.47, 0.5], [9661.37, 1.45], [9661.34, 0.5], [9660.98, 0.01], [9660.84, 0.518], [9659.84, 0.53], [9657.94, 0.507]], "asks": [[9671.16, 0.0155643], [9671.17, 1.07879203], [9671.66, 0.1082162], [9671.67, 3.0], [9673.16, 0.5546], [9673.17, 0.13114482], [9673.66, 3.36], [9673.68, 1.5], [9675.6, 0.5]], "ts": 1591396882777}
{"bids": [[9665.22, 0.09942129], [9665.2, 0.5941081], [9663.47, 0.5], [9661.37, 1.45], [9661.34, 0.5], [9660.98, 0.01], [9660.84, 0.518], [9659.84, 0.53], [9657.94, 0.507]], "asks": [[9671.17, 1.07879203], [9671.66, 0.1082162], [9671.67, 3.0], [9673.16, 0.5546], [9673.17, 0.13114482], [9673.66, 3.36], [9673.68, 1.5], [9675.6, 0.5]], "ts": 1591396882777}
{"bids": [[9665.22, 0.09942129], [9665.2, 0.5941081], [9663.47, 0.5], [9661.37, 1.45], [9661.34, 0.5], [9660.98, 0.01], [9660.84, 0.518], [9659.84, 0.53], [9657.94, 0.507]], "asks": [[9671.17, 1.07879203], [9671.66, 0.1082162], [9671.67, 3.0], [9673.15, 0.0155643], [9673.16, 0.5546], [9673.17, 0.13114482], [9673.66, 3.36], [9673.68, 1.5], [9675.6, 0.5]], "ts": 1591396882786}
{"bids": [[9665.22, 0.09942129], [9665.2, 0.5941081], [9663.47, 0.5], [9661.37, 1.45], [9661.34, 0.5], [9660.98, 0.01], [9660.84, 0.518], [9659.84, 0.53], [9657.94, 0.507]], "asks": [[9671.17, 1.01251278], [9671.66, 0.1082162], [9671.67, 3.0], [9673.15, 0.0155643], [9673.16, 0.5546], [9673.17, 0.13114482], [9673.66, 3.36], [9673.68, 1.5], [9675.6, 0.5]], "ts": 1591396882788}
{"bids": [[9665.22, 0.09942129], [9665.2, 0.5941081], [9663.47, 0.5], [9661.37, 1.45], [9661.34, 0.5], [9660.98, 0.01], [9660.84, 0.518], [9659.84, 0.53], [9657.94, 0.507]], "asks": [[9671.17, 0.9871], [9671.66, 0.1082162], [9671.67, 3.0], [9673.15, 0.0155643], [9673.16, 0.5546], [9673.17, 0.13114482], [9673.66, 3.36], [9673.68, 1.5], [9675.6, 0.5]], "ts": 1591396882789}
{"bids": [[9665.22, 0.09942129], [9665.2, 0.5941081], [9663.47, 0.5], [9661.37, 1.45], [9661.34, 0.5], [9660.98, 0.01], [9660.84, 0.518], [9659.84, 0.53], [9657.94, 0.507]], "asks": [[9671.17, 0.9871], [9671.66, 0.1082162], [9671.67, 3.0], [9673.15, 0.0155643], [9673.16, 0.5546], [9673.17, 0.13114482], [9673.66, 3.36], [9673.68, 1.5], [9675.6, 0.5]], "ts": 1591396882802}
{"bids": [[9665.22, 0.09942129], [9665.2, 0.5941081], [9663.47, 0.5], [9661.37, 1.45], [9661.34, 0.5], [9660.98, 0.01], [9660.84, 0.518], [9659.84, 0.53], [9657.94, 0.507]], "asks": [[9671.17, 1.05337925], [9671.66, 0.1082162], [9671.67, 3.0], [9673.15, 0.0155643], [9673.16, 0.5546], [9673.17, 0.13114482], [9673.66, 3.36], [9673.68, 1.5], [9675.6, 0.5]], "ts": 1591396882802}
{"bids": [[9665.22, 0.09942129], [9665.2, 0.5941081], [9663.47, 0.5], [9661.37, 1.45], [9661.34, 0.5], [9660.98, 0.01], [9660.84, 0.518], [9659.84, 0.53], [9657.94, 0.507]], "asks": [[9671.17, 1.05337925], [9671.66, 0.1082162], [9671.67, 3.0], [9673.15, 0.0155643], [9673.16, 0.5546], [9673.17, 0.13114482], [9673.66, 3.36], [9673.68, 1.5], [9675.6, 0.5]], "ts": 1591396882826}
{"bids": [[9665.22, 0.09942129], [9665.2, 0.5941081], [9663.47, 0.5], [9661.37, 1.45], [9661.34, 0.5], [9660.98, 0.01], [9660.84, 0.518], [9659.84, 0.53], [9657.94, 0.507], [9638.74, 0.742]], "asks": [[9671.17, 1.05337925], [9671.66, 0.1082162], [9671.67, 3.0], [9673.15, 0.0155643], [9673.16, 0.5546], [9673.17, 0.13114482], [9673.66, 3.36], [9673.68, 1.5], [9675.6, 0.5]], "ts": 1591396882844}
{"bids": [[9665.22, 0.09942129], [9665.2, 0.5941081], [9663.47, 0.5], [9661.37, 1.45], [9661.34, 0.5], [9660.98, 0.01], [9659.84, 0.53], [9657.94, 0.507], [9638.74, 0.742]], "asks": [[9671.17, 1.05337925], [9671.66, 0.1082162], [9671.67, 3.0], [9673.15, 0.0155643], [9673.16, 0.5546], [9673.17, 0.13114482], [9673.66, 3.36], [9673.68, 1.5], [9675.6, 0.5]], "ts": 1591396882854}
{"bids": [[9665.22, 0.09942129], [9665.2, 0.5941081], [9663.47, 0.5], [9661.37, 1.45], [9661.34, 0.5], [9660.98, 0.01], [9659.84, 0.53], [9657.94, 0.507], [9655.04, 0.529], [9638.74, 0.742]], "asks": [[9671.17, 1.05337925], [9671.66, 0.1082162], [9671.67, 3.0], [9673.15, 0.0155643], [9673.16, 0.5546], [9673.17, 0.13114482], [9673.66, 3.36], [9673.68, 1.5], [9675.6, 0.5]], "ts": 1591396882855}
{"bids": [[9665.22, 0.09942129], [9665.2, 0.5941081], [9663.47, 0.5], [9661.37, 1.45], [9661.34, 0.5], [9660.98, 0.01], [9659.84, 0.53], [9657.94, 0.507], [9655.04, 0.529], [9649.48, 0.2525]], "asks": [[9671.17, 1.05337925], [9671.66, 0.1082162], [9671.67, 3.0], [9673.15, 0.0155643], [9673.16, 0.5546], [9673.17, 0.13114482], [9673.66, 3.36], [9673.68, 1.5], [9675.6, 0.5]], "ts": 1591396882864}
{"bids": [[9665.22, 0.09942129], [9665.2, 0.5941081], [9663.47, 0.5], [9661.37, 1.45], [9661.34, 0.5], [9660.98, 0.01], [9659.84, 0.53], [9657.94, 0.507], [9655.04, 0.529]], "asks": [[9671.17, 1.05337925], [9671.66, 0.1082162], [9671.67, 3.0], [9673.15, 0.0155643], [9673.16, 0.5546], [9673.17, 0.13114482], [9673.66, 3.36], [9673.68, 1.5], [9675.6, 0.5]], "ts": 1591396882952}
{"bids": [[9665.22, 0.09942129], [9665.2, 0.5941081], [9663.47, 0.5], [9661.37, 1.45], [9661.34, 0.5], [9660.98, 0.01], [9659.84, 0.53], [9657.94, 0.507], [9655.04, 0.529]], "asks": [[9671.17, 1.05337925], [9671.66, 0.1082162], [9671.67, 3.0], [9673.15, 0.0155643], [9673.16, 0.5546], [9673.17, 0.13114482], [9673.66, 3.36], [9673.68, 1.5], [9675.6, 0.5], [9678.57, 3.00928409]], "ts": 1591396882988}
{"bids": [[9665.22, 0.09942129], [9665.2, 0.5941081], [9663.47, 0.5], [9661.37, 1.45], [9661.34, 0.5], [9660.98, 0.01], [9659.84, 0.53], [9657.94, 0.507], [9655.04, 0.529]], "asks": [[9671.17, 1.05337925], [9671.66, 0.1082162], [9671.67, 3.0], [9673.15, 0.0155643], [9673.16, 0.5546], [9673.17, 0.13114482], [9673.66, 3.36], [9673.68, 1.5], [9675.6, 0.5], [9678.57, 3.00928409]], "ts": 1591396882989}
{"bids": [[9665.22, 0.09942129], [9665.2, 0.5941081], [9663.47, 0.5], [9661.37, 1.45], [9661.34, 0.5], [9660.98, 0.01], [9659.84, 0.53], [9657.94, 0.507], [9655.04, 0.529], [9642.92, 0.2525]], "asks": [[9671.17, 1.05337925], [9671.66, 0.1082162], [9671.67, 3.0], [9673.15, 0.0155643], [9673.16, 0.5546], [9673.17, 0.13114482], [9673.66, 3.36], [9673.68, 1.5], [9675.6, 0.5], [9678.57, 3.00928409]], "ts": 1591396882995}
{"bids": [[9665.22, 0.09942129], [9665.2, 0.5941081], [9661.37, 1.45], [9661.34, 0.5], [9660.98, 0.01], [9659.84, 0.53], [9657.94, 0.507], [9655.04, 0.529], [9642.92, 0.2525]], "asks": [[9671.17, 1.05337925], [9671.66, 0.1082162], [9671.67, 3.0], [9673.15, 0.0155643], [9673.16, 0.5546], [9673.17, 0.13114482], [9673.66, 3.36], [9673.68, 1.5], [9675.6, 0.5], [9678.57, 3.00928409]], "ts": 1591396882996}
{"bids": [[9665.22, 0.09942129], [9665.2, 0.5941081], [9661.37, 1.45], [9661.34, 0.5], [9660.98, 0.01], [9659.84, 0.53], [9657.94, 0.507], [9655.04, 0.529], [9642.92, 0.2525]], "asks": [[9671.17, 1.07879203], [9671.66, 0.1082162], [9671.67, 3.0], [9673.15, 0.0155643], [9673.16, 0.5546], [9673.17, 0.13114482], [9673.66, 3.36], [9673.68, 1.5], [9675.6, 0.5], [9678.57, 3.00928409]], "ts": 1591396883061}
{"bids": [[9665.22, 0.09942129], [9665.2, 0.54], [9661.37, 1.45], [9661.34, 0.5], [9660.98, 0.01], [9659.84, 0.53], [9657.94, 0.507], [9655.04, 0.529], [9642.92, 0.2525]], "asks": [[9671.17, 1.07879203], [9671.66, 0.1082162], [9671.67, 3.0], [9673.15, 0.0155643], [9673.16, 0.5546], [9673.17, 0.13114482], [9673.66, 3.36], [9673.68, 1.5], [9675.6, 0.5], [9678.57, 3.00928409]], "ts": 1591396883062}
{"bids": [[9665.22, 0.09942129], [9665.2, 0.54], [9661.38, 0.06059233], [9661.37, 1.45], [9661.34, 0.5], [9660.98, 0.01], [9659.84, 0.53], [9657.94, 0.507], [9655.04, 0.529], [9642.92, 0.2525]], "asks": [[9671.17, 1.07879203], [9671.66, 0.1082162], [9671.67, 3.0], [9673.15, 0.0155643], [9673.16, 0.5546], [9673.17, 0.13114482], [9673.66, 3.36], [9673.68, 1.5], [9675.6, 0.5], [9678.57, 3.00928409]], "ts": 1591396883074}
{"bids": [[9665.22, 0.04531319], [9665.2, 0.54], [9661.38, 0.06059233], [9661.37, 1.45], [9661.34, 0.5], [9660.98, 0.01], [9659.84, 0.53], [9657.94, 0.507], [9655.04, 0.529], [9642.92, 0.2525]], "asks": [[9671.17, 1.07879203], [9671.66, 0.1082162], [9671.67, 3.0], [9673.15, 0.0155643], [9673.16, 0.5546], [9673.17, 0.13114482], [9673.66, 3.36], [9673.68, 1.5], [9675.6, 0.5], [9678.57, 3.00928409]], "ts": 1591396883075}
{"bids": [[9665.22, 0.04531319], [9665.2, 0.54], [9661.38, 0.12118466], [9661.37, 1.45], [9661.34, 0.5], [9660.98, 0.01], [9659.84, 0.53], [9657.94, 0.507], [9655.04, 0.529], [9642.92, 0.2525]], "asks": [[9671.17, 1.07879203], [9671.66, 0.1082162], [9671.67, 3.0], [9673.15, 0.0155643], [9673.16, 0.5546], [9673.17, 0.13114482], [9673.66, 3.36], [9673.68, 1.5], [9675.6, 0.5], [9678.57, 3.00928409]], "ts": 1591396883075}
{"bids": [[9665.22, 0.04531319], [9665.2, 0.54], [9661.38, 0.12118466], [9661.37, 1.45], [9661.34, 0.5], [9660.98, 0.01], [9659.84, 0.53], [9657.94, 0.507], [9655.04, 0.529]], "asks": [[9671.17, 1.07879203], [9671.66, 0.1082162], [9671.67, 3.0], [9673.15, 0.0155643], [9673.16, 0.5546], [9673.17, 0.13114482], [9673.66, 3.36], [9673.68, 1.5], [9675.6, 0.5], [9678.57, 3.00928409]], "ts": 1591396883076}
{"bids": [[9665.22, 0.04531319], [9665.2, 0.54], [9661.38, 0.12118466], [9661.37, 1.45], [9661.34, 0.5], [9660.98, 0.01], [9659.84, 0.53], [9657.94, 0.507], [9655.04, 0.529]], "asks": [[9671.17, 1.07879203], [9671.66, 0.1082162], [9671.67, 3.0], [9673.15, 0.0155643], [9673.16, 0.5546], [9673.17, 0.13114482], [9673.66, 3.36], [9673.68, 1.5], [9675.6, 0.5], [9678.57, 3.00928409]], "ts": 1591396883082}
{"bids": [[9665.22, 0.04531319], [9665.2, 0.54], [9661.38, 0.12118466], [9661.37, 1.45], [9661.34, 0.5], [9660.98, 0.01], [9659.84, 0.53], [9657.94, 0.507], [9655.04, 0.529]], "asks": [[9671.17, 1.07879203], [9671.66, 0.1082162], [9671.67, 3.0], [9673.15, 0.0155643], [9673.16, 0.5546], [9673.17, 0.13114482], [9673.66, 3.36], [9673.68, 1.5], [9675.6, 0.5], [9678.57, 3.00928409]], "ts": 1591396883113}
{"bids": [[9665.22, 0.04531319], [9665.2, 0.54], [9661.38, 0.12118466], [9661.37, 1.45], [9661.34, 0.5], [9660.98, 0.01], [9659.84, 0.53], [9657.94, 0.507], [9655.04, 0.529]], "asks": [[9671.17, 1.07879203], [9671.66, 0.1082162], [9671.67, 3.0], [9673.15, 0.0155643], [9673.16, 0.5546], [9673.17, 0.13114482], [9673.66, 3.36], [9673.68, 1.5], [9675.6, 0.5], [9678.57, 3.00928409]], "ts": 1591396883124}
{"bids": [[9665.22, 0.04531319], [9665.2, 0.54], [9661.38, 0.12118466], [9661.37, 1.45], [9661.34, 0.5], [9660.98, 0.01], [9659.84, 0.53], [9657.94, 0.507], [9655.04, 0.529]], "asks": [[9671.17, 1.07879203], [9671.66, 0.1082162], [9671.67, 3.0], [9673.15, 0.0155643], [9673.16, 0.5546], [9673.17, 0.13114482], [9673.66, 3.36], [9673.68, 1.5], [9675.6, 0.5], [9678.57, 3.00928409]], "ts": 1591396883125}
{"bids": [[9665.22, 0.04531319], [9665.2, 0.54], [9661.38, 0.12118466], [9661.37, 1.45], [9661.34, 0.5], [9660.98, 0.01], [9659.84, 0.53], [9657.94, 0.507], [9655.04, 0.529]], "asks": [[9671.17, 1.07879203], [9671.66, 0.1082162], [9671.67, 3.0], [9673.15, 0.0155643], [9673.16, 0.5546], [9673.17, 0.13114482], [9673.66, 3.36], [9673.68, 1.5], [9675.6, 0.5], [9678.57, 3.00928409]], "ts": 1591396883126}
{"bids": [[9665.22, 0.04531319], [9665.2, 0.54], [9661.38, 0.12118466], [9661.37, 1.45], [9661.34, 0.5], [9660.98, 0.01], [9659.84, 0.53], [9657.94, 0.507], [9655.04, 0.529]], "asks": [[9671.17, 1.07879203], [9671.66, 0.1082162], [9671.67, 3.0], [9673.15, 0.0155643], [9673.16, 0.5546], [9673.17, 0.13114482], [9673.66, 3.36], [9673.68, 1.5], [9675.6, 0.5], [9678.57, 3.00928409]], "ts": 1591396883133}
{"bids": [[9665.22, 0.04531319], [9665.2, 0.54], [9661.38, 0.12118466], [9661.37, 1.45], [9661.34, 0.5], [9660.98, 0.01], [9659.84, 0.53], [9657.94, 0.507], [9655.04, 0.529], [9649.28, 0.2525]], "asks": [[9671.17, 1.07879203], [9671.66, 0.1082162], [9671.67, 3.0], [9673.15, 0.0155643], [9673.16, 0.5546], [9673.17, 0.13114482], [9673.66, 3.36], [9673.68, 1.5], [9675.6, 0.5], [9678.57, 3.00928409]], "ts": 1591396883134}
{"bids": [[9665.22, 0.04531319], [9665.2, 0.54], [9661.38, 0.12118466], [9661.37, 1.45], [9661.34, 0.5], [9660.98, 0.01], [9659.84, 0.53], [9657.94, 0.507], [9655.04, 0.529], [9649.28, 0.2525]], "asks": [[9671.17, 1.07879203], [9671.66, 0.1082162], [9671.67, 3.0], [9673.15, 0.0155643], [9673.16, 0.5546], [9673.17, 0.13114482], [9673.66, 3.36], [9673.68, 1.5], [9675.6, 0.5], [9678.57, 3.00928409]], "ts": 1591396883149}
{"bids": [[9665.22, 0.04531319], [9665.2, 0.54], [9661.38, 0.12118466], [9661.37, 1.45], [9661.34, 0.5], [9660.98, 0.01], [9657.94, 0.507], [9655.04, 0.529], [9649.28, 0.2525]], "asks": [[9671.17, 1.07879203], [9671.66, 0.1082162], [9671.67, 3.0], [9673.15, 0.0155643], [9673.16, 0.5546], [9673.17, 0.13114482], [9673.66, 3.36], [9673.68, 1.5], [9675.6, 0.5], [9678.57, 3.00928409]], "ts": 1591396883150}
{"bids": [[9665.22, 0.04531319], [9665.2, 0.54], [9661.38, 0.12118466], [9661.37, 1.45], [9661.34, 0.5], [9660.98, 0.01], [9657.94, 0.507], [9655.04, 0.529], [9654.04, 0.667], [9649.28, 0.2525]], "asks": [[9671.17, 1.07879203], [9671.66, 0.1082162], [9671.67, 3.0], [9673.15, 0.0155643], [9673.16, 0.5546], [9673.17, 0.13114482], [9673.66, 3.36], [9673.68, 1.5], [9675.6, 0.5], [9678.57, 3.00928409]], "ts": 1591396883157}
{"bids": [[9665.22, 0.04531319], [9665.2, 0.54], [9661.38, 0.12118466], [9661.37, 1.45], [9661.34, 0.5], [9660.98, 0.01], [9657.94, 0.507], [9655.04, 0.529], [9654.04, 0.667], [9649.9, 1.07770065]], "asks": [[9671.17, 1.07879203], [9671.66, 0.1082162], [9671.67, 3.0], [9673.15, 0.0155643], [9673.16, 0.5546], [9673.17, 0.13114482], [9673.66, 3.36], [9673.68, 1.5], [9675.6, 0.5], [9678.57, 3.00928409]], "ts": 1591396883191}
{"bids": [[9665.22, 0.04531319], [9665.2, 0.54], [9661.38, 0.12118466], [9661.37, 1.45], [9661.34, 0.5], [9660.98, 0.01], [9657.94, 0.507], [9655.04, 0.529], [9654.04, 0.667], [9649.9, 1.07770065]], "asks": [[9671.17, 1.07879203], [9671.66, 0.1082162], [9671.67, 3.0], [9673.15, 0.0155643], [9673.16, 0.5546], [9673.17, 0.13114482], [9673.66, 3.36], [9673.68, 1.5], [9674.23, 0.79816796], [9675.6, 0.5]], "ts": 1591396883200}
{"bids": [[9665.22, 0.04531319], [9665.2, 0.54], [9661.38, 0.12118466], [9661.37, 1.45], [9661.34, 0.5], [9660.98, 0.01], [9657.94, 0.507], [9655.04, 0.529], [9654.04, 0.667], [9649.9, 1.07770065]], "asks": [[9671.17, 1.07879203], [9671.66, 0.1082162], [9671.67, 3.0], [9673.15, 0.0155643], [9673.16, 0.5546], [9673.17, 0.13114482], [9673.66, 3.36], [9673.68, 1.5], [9674.23, 0.79816796], [9675.6, 0.5]], "ts": 1591396883201}
{"bids": [[9665.22, 0.04531319], [9665.2, 0.54], [9661.38, 0.12118466], [9661.37, 1.45], [9661.34, 0.5], [9660.98, 0.01], [9657.94, 0.507], [9655.04, 0.529], [9654.04, 0.667], [9649.9, 1.07770065]], "asks": [[9671.17, 1.07879203], [9671.66, 0.1082162], [9671.67, 3.0], [9673.15, 0.0155643], [9673.16, 0.5546], [9673.17, 0.13114482], [9673.66, 3.36], [9673.68, 1.5], [9674.23, 0.79816796], [9675.6, 0.5]], "ts": 1591396883205}
{"bids": [[9665.22, 0.04531319], [9665.2, 0.54], [9661.38, 0.12118466], [9661.37, 1.45], [9661.34, 0.5], [9660.98, 0.01], [9657.94, 0.507], [9655.04, 0.529], [9654.04, 0.667], [9649.9, 1.07770065]], "asks": [[9671.17, 1.07879203], [9671.66, 0.1082162], [9671.67, 3.0], [9673.15, 0.0155643], [9673.16, 0.5546], [9673.17, 0.13114482], [9673.66, 3.36], [9673.68, 1.5], [9674.23, 0.79816796], [9675.6, 0.5]], "ts": 1591396883241}
{"bids": [[9665.22, 0.04531319], [9665.2, 0.54], [9661.38, 0.12118466], [9661.37, 1.45], [9661.34, 0.5], [9660.98, 0.01], [9657.94, 0.507], [9655.04, 0.529], [9654.04, 0.667], [9649.9, 1.07770065]], "asks": [[9671.17, 1.07879203], [9671.66, 0.1082162], [9671.67, 3.0], [9673.15, 0.0155643], [9673.16, 0.5546], [9673.17, 0.13114482], [9673.66, 3.36], [9673.68, 1.5], [9674.23, 0.79816796], [9675.6, 0.5]], "ts": 1591396883263}
{"bids": [[9665.22, 0.04531319], [9665.2, 0.54], [9661.38, 0.12118466], [9661.37, 1.45], [9661.34, 0.5], [9660.98, 0.01], [9657.94, 0.507], [9655.04, 0.529], [9654.04, 0.667], [9649.9, 1.07770065]], "asks": [[9671.17, 1.07879203], [9671.66, 0.1082162], [9671.67, 3.0], [9673.15, 0.0155643], [9673.16, 0.5546], [9673.17, 0.13114482], [9673.66, 3.36], [9673.68, 1.5], [9674.23, 0.79816796], [9675.6, 0.5]], "ts": 1591396883271}
{"bids": [[9665.22, 0.04531319], [9665.2, 0.54], [9661.38, 0.12118466], [9661.37, 1.45], [9661.34, 0.5], [9660.98, 0.01], [9657.94, 0.507], [9655.04, 0.529], [9654.04, 0.667], [9649.9, 1.07770065]], "asks": [[9671.17, 1.07879203], [9671.66, 0.1082162], [9671.67, 3.0], [9673.15, 0.0155643], [9673.16, 0.5546], [9673.17, 0.13114482], [9673.66, 3.36], [9673.68, 1.5], [9674.23, 0.79816796], [9675.6, 0.5]], "ts": 1591396883744}
{"bids": [[9665.22, 0.04531319], [9665.2, 0.54], [9661.38, 0.12118466], [9661.37, 1.45], [9661.34, 0.5], [9660.98, 0.01], [9657.94, 0.507], [9655.04, 0.529], [9654.04, 0.667], [9649.9, 1.07770065]], "asks": [[9668.79, 2.6338], [9671.17, 1.07879203], [9671.66, 0.1082162], [9671.67, 3.0], [9673.15, 0.0155643], [9673.16, 0.5546], [9673.17, 0.13114482], [9673.66, 3.36], [9673.68, 1.5], [9674.23, 0.79816796]], "ts": 1591396883836}
{"bids": [[9665.22, 0.00029145], [9665.2, 0.54], [9661.38, 0.12118466], [9661.37, 1.45], [9661.34, 0.5], [9660.98, 0.01], [9657.94, 0.507], [9655.04, 0.529], [9654.04, 0.667], [9649.9, 1.07770065]], "asks": [[9668.79, 2.6338], [9671.17, 1.07879203], [9671.66, 0.1082162], [9671.67, 3.0], [9673.15, 0.0155643], [9673.16, 0.5546], [9673.17, 0.13114482], [9673.66, 3.36], [9673.68, 1.5], [9674.23, 0.79816796]], "ts": 1591396883837}
{"bids": [[9665.22, 0.00029145], [9665.2, 0.54], [9661.39, 0.05985027], [9661.38, 0.12118466], [9661.37, 1.45], [9661.34, 0.5], [9660.98, 0.01], [9657.94, 0.507], [9655.04, 0.529], [9654.04, 0.667]], "asks": [[9668.79, 2.6338], [9671.17, 1.07879203], [9671.66, 0.1082162], [9671.67, 3.0], [9673.15, 0.0155643], [9673.16, 0.5546], [9673.17, 0.13114482], [9673.66, 3.36], [9673.68, 1.5], [9674.23, 0.79816796]], "ts": 1591396883850}
{"bids": [[9665.22, 0.00029145], [9665.2, 0.54], [9661.39, 0.05985027], [9661.38, 0.12118466], [9661.37, 1.45], [9661.34, 0.5], [9660.98, 0.01], [9657.94, 0.507], [9655.04, 0.529], [9654.04, 0.667]], "asks": [[9668.79, 2.6338], [9671.16, 0.01185397], [9671.17, 1.07879203], [9671.66, 0.1082162], [9671.67, 3.0], [9673.15, 0.0155643], [9673.16, 0.5546], [9673.17, 0.13114482], [9673.66, 3.36], [9673.68, 1.5]], "ts": 1591396883851}
{"bids": [[9665.22, 0.00029145], [9665.2, 0.54], [9661.39, 0.05985027], [9661.38, 0.12118466], [9661.37, 1.45], [9661.34, 0.5], [9660.98, 0.01], [9657.94, 0.507], [9655.04, 0.529], [9654.04, 0.667]], "asks": [[9668.79, 2.6338], [9671.16, 0.01185397], [9671.17, 1.07879203], [9671.66, 0.1082162], [9671.67, 3.0], [9673.16, 0.5546], [9673.17, 0.13114482], [9673.66, 3.36], [9673.68, 1.5]], "ts": 1591396883852}
{"bids": [[9665.22, 0.0001526], [9665.2, 0.54], [9661.39, 0.05985027], [9661.38, 0.12118466], [9661.37, 1.45], [9661.34, 0.5], [9660.98, 0.01], [9657.94, 0.507], [9655.04, 0.529], [9654.04, 0.667]], "asks": [[9668.79, 2.6338], [9671.16, 0.01185397], [9671.17, 1.07879203], [9671.66, 0.1082162], [9671.67, 3.0], [9673.16, 0.5546], [9673.17, 0.13114482], [9673.66, 3.36], [9673.68, 1.5]], "ts": 1591396883875}
{"bids": [[9665.2, 0.54], [9661.39, 0.05985027], [9661.38, 0.12118466], [9661.37, 1.45], [9661.34, 0.5], [9660.98, 0.01], [9657.94, 0.507], [9655.04, 0.529], [9654.04, 0.667]], "asks": [[9668.79, 2.6338], [9671.16, 0.01185397], [9671.17, 1.07879203], [9671.66, 0.1082162], [9671.67, 3.0], [9673.16, 0.5546], [9673.17, 0.13114482], [9673.66, 3.36], [9673.68, 1.5]], "ts": 1591396883884}
{"bids": [[9665.2, 0.54013885], [9661.39, 0.05985027], [9661.38, 0.12118466], [9661.37, 1.45], [9661.34, 0.5], [9660.98, 0.01], [9657.94, 0.507], [9655.04, 0.529], [9654.04, 0.667]], "asks": [[9668.79, 2.6338], [9671.16, 0.01185397], [9671.17, 1.07879203], [9671.66, 0.1082162], [9671.67, 3.0], [9673.16, 0.5546], [9673.17, 0.13114482], [9673.66, 3.36], [9673.68, 1.5]], "ts": 1591396883885}
{"bids": [[9665.2, 0.54029145], [9661.39, 0.05985027], [9661.38, 0.12118466], [9661.37, 1.45], [9661.34, 0.5], [9660.98, 0.01], [9657.94, 0.507], [9655.04, 0.529], [9654.04, 0.667]], "asks": [[9668.79, 2.6338], [9671.16, 0.01185397], [9671.17, 1.07879203], [9671.66, 0.1082162], [9671.67, 3.0], [9673.16, 0.5546], [9673.17, 0.13114482], [9673.66, 3.36], [9673.68, 1.5]], "ts": 1591396883890}
{"bids": [[9665.2, 0.54029145], [9661.39, 0.05985027], [9661.38, 0.12118466], [9661.37, 1.45], [9661.34, 0.5], [9660.98, 0.01], [9657.94, 0.507], [9655.04, 0.529], [9654.04, 0.667]], "asks": [[9668.79, 2.6338], [9671.16, 0.01185397], [9671.17, 0.09169203], [9671.66, 0.1082162], [9671.67, 3.0], [9673.16, 0.5546], [9673.17, 0.13114482], [9673.66, 3.36], [9673.68, 1.5]], "ts": 1591396883907}
{"bids": [[9665.2, 0.54029145], [9661.39, 0.05985027], [9661.38, 0.12118466], [9661.37, 1.45], [9661.34, 0.5], [9660.98, 0.01], [9657.94, 0.507], [9655.04, 0.529], [9654.04, 0.667]], "asks": [[9668.29, 0.9854], [9668.79, 2.6338], [9671.16, 0.01185397], [9671.17, 0.09169203], [9671.66, 0.1082162], [9671.67, 3.0], [9673.16, 0.5546], [9673.17, 0.13114482], [9673.66, 3.36], [9673.68, 1.5]], "ts": 1591396883936}
{"bids": [[9665.2, 0.54029145], [9661.39, 0.05985027], [9661.38, 0.12118466], [9661.37, 1.45], [9661.34, 0.5], [9660.98, 0.01], [9657.94, 0.507], [9655.04, 0.529], [9654.04, 0.667]], "asks": [[9668.29, 0.9854], [9668.79, 2.6338], [9671.16, 0.01185397], [9671.17, 0.09169203], [9671.66, 0.1082162], [9671.67, 3.0], [9673.16, 0.5546], [9673.17, 0.13114482], [9673.66, 3.36], [9673.68, 1.5]], "ts": 1591396883943}
{"bids": [[9665.2, 0.54029145], [9661.39, 0.05985027], [9661.38, 0.12118466], [9661.37, 1.45], [9661.34, 0.5], [9660.98, 0.01], [9657.94, 0.507], [9655.04, 0.529], [9654.04, 0.667]], "asks": [[9668.29, 0.9854], [9668.79, 2.6338], [9671.16, 0.01185397], [9671.17, 0.09169203], [9671.66, 0.1082162], [9671.67, 3.0], [9673.16, 0.5546], [9673.17, 0.13114482], [9673.66, 3.36], [9673.68, 1.5]], "ts": 1591396883965}
{"bids": [[9665.2, 0.54029145], [9661.39, 0.05985027], [9661.38, 0.12118466], [9661.37, 1.45], [9661.34, 0.5], [9660.98, 0.01], [9657.94, 0.507], [9655.04, 0.529], [9654.04, 0.667]], "asks": [[9668.29, 0.9854], [9668.79, 2.6338], [9671.16, 0.01185397], [9671.17, 0.09169203], [9671.66, 0.1082162], [9671.67, 3.0], [9673.17, 0.13114482], [9673.66, 3.36], [9673.68, 1.5]], "ts": 1591396883982}
{"bids": [[9665.2, 0.54029145], [9661.39, 0.05985027], [9661.38, 0.12118466], [9661.37, 1.45], [9661.34, 0.5], [9660.98, 0.01], [9657.94, 0.507], [9655.04, 0.529], [9654.04, 0.667], [9646.34, 0.5]], "asks": [[9668.29, 0.9854], [9668.79, 2.6338], [9671.16, 0.01185397], [9671.17, 0.09169203], [9671.66, 0.1082162], [9671.67, 3.0], [9673.17, 0.13114482], [9673.66, 3.36], [9673.68, 1.5]], "ts": 1591396883987}
{"bids": [[9665.2, 0.54029145], [9661.39, 0.05985027], [9661.38, 0.12118466], [9661.37, 1.45], [9661.34, 0.5], [9660.98, 0.01], [9657.94, 0.507], [9655.04, 0.529], [9654.04, 0.667], [9646.34, 0.5]], "asks": [[9668.29, 0.9854], [9668.79, 2.6338], [9671.16, 0.01185397], [9671.17, 0.64789203], [9671.66, 0.1082162], [9671.67, 3.0], [9673.17, 0.13114482], [9673.66, 3.36], [9673.68, 1.5]], "ts": 1591396883995}
{"bids": [[9665.2, 0.54029145], [9661.39, 0.05985027], [9661.38, 0.12118466], [9661.37, 1.45], [9661.34, 0.5], [9660.98, 0.01], [9657.94, 0.507], [9655.04, 0.529], [9654.04, 0.667], [9646.34, 0.5]], "asks": [[9668.29, 0.9854], [9668.79, 2.6338], [9671.16, 0.01185397], [9671.17, 0.64789203], [9671.66, 0.1082162], [9671.67, 3.0], [9673.17, 0.13114482], [9673.66, 3.36], [9673.68, 1.5]], "ts": 1591396884013}
{"bids": [[9665.2, 0.54029145], [9661.39, 0.05985027], [9661.38, 0.12118466], [9661.37, 1.45], [9661.34, 0.5], [9660.98, 0.01], [9657.94, 0.507], [9655.04, 0.529], [9654.04, 0.667], [9646.34, 0.5]], "asks": [[9668.29, 0.9854], [9668.79, 2.6338], [9671.16, 0.01185397], [9671.17, 0.58161278], [9671.66, 0.1082162], [9671.67, 3.0], [9673.17, 0.13114482], [9673.66, 3.36], [9673.68, 1.5]], "ts": 1591396884056}
{"bids": [[9665.2, 0.54029145], [9661.39, 0.05985027], [9661.38, 0.12118466], [9661.37, 1.45], [9661.34, 0.5], [9660.98, 0.01], [9657.94, 0.507], [9655.04, 0.529], [9654.04, 0.667], [9646.34, 0.5]], "asks": [[9668.29, 0.9854], [9668.79, 2.6338], [9671.16, 0.01185397], [9671.17, 0.5562], [9671.66, 0.1082162], [9671.67, 3.0], [9673.17, 0.13114482], [9673.66, 3.36], [9673.68, 1.5]], "ts": 1591396884064}
{"bids": [[9665.2, 0.54029145], [9661.39, 0.05985027], [9661.38, 0.12118466], [9661.37, 1.45], [9661.34, 0.5], [9660.98, 0.01], [9657.94, 0.507], [9655.04, 0.529], [9654.04, 0.667], [9646.34, 0.5]], "asks": [[9668.29, 1.00457417], [9668.79, 2.6338], [9671.16, 0.01185397], [9671.17, 0.5562], [9671.66, 0.1082162], [9671.67, 3.0], [9673.17, 0.13114482], [9673.66, 3.36], [9673.68, 1.5]], "ts": 1591396884087}
{"bids": [[9665.2, 0.54029145], [9661.39, 0.05985027], [9661.38, 0.12118466], [9661.37, 1.45], [9661.34, 0.5], [9660.98, 0.01], [9657.94, 0.507], [9655.04, 0.529], [9654.04, 0.667], [9646.34, 0.5]], "asks": [[9668.29, 1.00457417], [9668.79, 2.6338], [9671.16, 0.01185397], [9671.17, 0.5562], [9671.66, 0.1082162], [9671.67, 3.0], [9673.17, 0.13114482], [9673.66, 3.36], [9673.68, 1.5]], "ts": 1591396884188}
{"bids": [[9665.2, 0.54029145], [9661.39, 0.05985027], [9661.38, 0.12118466], [9661.37, 1.45], [9661.34, 0.5], [9660.98, 0.01], [9657.94, 0.507], [9655.04, 0.529], [9654.04, 0.667], [9646.34, 0.5]], "asks": [[9668.29, 1.02998695], [9668.79, 2.6338], [9671.16, 0.01185397], [9671.17, 0.5562], [9671.66, 0.1082162], [9671.67, 3.0], [9673.17, 0.13114482], [9673.66, 3.36], [9673.68, 1.5]], "ts": 1591396884358}
{"bids": [[9665.2, 0.54029145], [9661.39, 0.05985027], [9661.38, 0.12118466], [9661.37, 1.45], [9661.34, 0.5], [9660.98, 0.01], [9657.94, 0.507], [9655.04, 0.529], [9654.04, 0.667], [9646.34, 0.5]], "asks": [[9668.29, 1.02998695], [9668.79, 2.6338], [9671.16, 0.01185397], [9671.17, 0.5562], [9671.66, 0.1082162], [9671.67, 3.0], [9673.17, 0.13114482], [9673.66, 3.36], [9673.68, 1.5]], "ts": 1591396884730}
{"bids": [[9665.2, 0.54029145], [9661.39, 0.05985027], [9661.38, 0.12118466], [9661.37, 1.45], [9661.34, 0.5], [9660.98, 0.01], [9657.94, 0.507], [9655.04, 0.529], [9654.04, 0.667], [9646.34, 0.5]], "asks": [[9668.29, 1.02998695], [9668.79, 2.6338], [9671.16, 0.01185397], [9671.17, 0.5562], [9671.66, 0.1082162], [9671.67, 3.0], [9673.17, 0.13114482], [9673.66, 3.36], [9673.68, 1.5]], "ts": 1591396884838}
{"bids": [[9665.2, 0.54029145], [9661.39, 0.05985027], [9661.38, 0.12118466], [9661.37, 1.45], [9661.34, 0.5], [9660.98, 0.01], [9657.94, 0.507], [9655.04, 0.529], [9654.04, 0.667], [9646.34, 0.5]], "asks": [[9668.29, 1.02998695], [9668.79, 2.6338], [9671.16, 0.01185397], [9671.17, 0.5562], [9671.66, 0.1082162], [9671.67, 3.0], [9672.5, 0.5], [9673.17, 0.13114482], [9673.66, 3.36], [9673.68, 1.5]], "ts": 1591396884988}
{"bids": [[9665.2, 0.54029145], [9661.39, 0.05985027], [9661.38, 0.12118466], [9661.37, 1.45], [9661.34, 0.5], [9660.98, 0.01], [9657.94, 0.507], [9655.04, 0.529], [9654.04, 0.667], [9646.34, 0.5]], "asks": [[9668.29, 1.02998695], [9668.79, 2.6338], [9671.16, 0.01185397], [9671.17, 0.5562], [9671.66, 0.1082162], [9671.67, 3.0], [9672.5, 0.5], [9673.17, 0.13114482], [9673.66, 3.36], [9673.68, 1.5]], "ts": 1591396885989}
{"bids": [[9665.2, 0.54029145], [9661.39, 0.05985027], [9661.38, 0.12118466], [9661.37, 1.45], [9661.34, 0.5], [9660.98, 0.01], [9657.94, 0.507], [9655.04, 0.529], [9654.04, 0.667], [9646.34, 0.5]], "asks": [[9668.29, 1.01081278], [9668.79, 2.6338], [9671.16, 0.01185397], [9671.17, 0.5562], [9671.66, 0.1082162], [9671.67, 3.0], [9672.5, 0.5], [9673.17, 0.13114482], [9673.66, 3.36], [9673.68, 1.5]], "ts": 1591396886205}
{"bids": [[9665.2, 0.54029145], [9661.39, 0.05985027], [9661.38, 0.12118466], [9661.37, 1.45], [9661.34, 0.5], [9660.98, 0.01], [9657.94, 0.507], [9655.04, 0.529], [9654.04, 0.667], [9646.34, 0.5]], "asks": [[9668.29, 1.01081278], [9668.79, 2.6338], [9671.16, 0.01185397], [9671.17, 0.5562], [9671.66, 0.1082162], [9671.67, 3.0], [9672.5, 0.5], [9673.17, 0.13114482], [9673.66, 3.36], [9673.68, 1.5]], "ts": 1591396886256}
{"bids": [[9665.2, 0.54029145], [9661.39, 0.05985027], [9661.38, 0.12118466], [9661.37, 1.45], [9661.34, 0.5], [9660.98, 0.01], [9657.94, 0.507], [9655.04, 0.529], [9654.04, 0.667], [9646.34, 0.5]], "asks": [[9668.29, 1.0250348], [9668.79, 2.6338], [9671.16, 0.01185397], [9671.17, 0.5562], [9671.66, 0.1082162], [9671.67, 3.0], [9672.5, 0.5], [9673.17, 0.13114482], [9673.66, 3.36], [9673.68, 1.5]], "ts": 1591396886271}
{"bids": [[9665.2, 0.54029145], [9661.39, 0.05985027], [9661.38, 0.12118466], [9661.37, 1.45], [9661.34, 0.5], [9660.98, 0.01], [9657.94, 0.507], [9655.04, 0.529], [9654.04, 0.667], [9646.34, 0.5]], "asks": [[9668.29, 1.0250348], [9668.79, 2.6338], [9671.16, 0.01185397], [9671.17, 0.5562], [9671.66, 0.1082162], [9671.67, 3.0], [9672.5, 0.5], [9673.17, 0.13114482], [9673.66, 3.36], [9673.68, 1.5]], "ts": 1591396887183}
{"bids": [[9665.2, 0.54029145], [9661.39, 0.05985027], [9661.38, 0.12118466], [9661.37, 1.45], [9661.34, 0.5], [9660.98, 0.01], [9657.94, 0.507], [9655.04, 0.529], [9654.04, 0.667], [9646.34, 0.5]], "asks": [[9668.29, 1.01081278], [9668.79, 2.6338], [9671.16, 0.01185397], [9671.17, 0.5562], [9671.66, 0.1082162], [9671.67, 3.0], [9672.5, 0.5], [9673.17, 0.13114482], [9673.66, 3.36], [9673.68, 1.5]], "ts": 1591396887222}
{"bids": [[9665.2, 0.54029145], [9661.39, 0.05985027], [9661.38, 0.12118466], [9661.37, 1.45], [9661.34, 0.5], [9660.98, 0.01], [9657.94, 0.507], [9655.04, 0.529], [9654.04, 0.667], [9646.34, 0.5]], "asks": [[9668.29, 1.01081278], [9668.79, 2.6338], [9671.16, 0.01185397], [9671.17, 0.5562], [9671.66, 0.1082162], [9671.67, 3.0], [9672.5, 0.5], [9673.17, 0.13114482], [9673.66, 3.36], [9673.68, 1.5]], "ts": 1591396887235}
